
    <marc:record type="Bibliographic" source="1999-DNB-Germany-Gunter-Grass.xml">
        <marc:leader>00000pam a2200000 c 4500</marc:leader>
        <marc:controlfield tag="001">989734994</marc:controlfield>
        <marc:controlfield tag="003">DE-101</marc:controlfield>
        <marc:controlfield tag="005">20171202074618.0</marc:controlfield>
        <marc:controlfield tag="007">tu</marc:controlfield>
        <marc:controlfield tag="008">080724s2008    gw ||||| |||| 00||||ger  </marc:controlfield>
        <marc:datafield ind1=" " ind2=" " tag="015">
            <marc:subfield code="a">09,A06,2536</marc:subfield>
            <marc:subfield code="z">08,N33,0952</marc:subfield>
            <marc:subfield code="2">dnb</marc:subfield>
        </marc:datafield>
        <marc:datafield ind1="7" ind2=" " tag="016">
            <marc:subfield code="2">DE-101</marc:subfield>
            <marc:subfield code="a">989734994</marc:subfield>
        </marc:datafield>
        <marc:datafield ind1=" " ind2=" " tag="020">
            <marc:subfield code="a">9783825355098</marc:subfield>
            <marc:subfield code="c">Pp. : EUR 45.00</marc:subfield>
            <marc:subfield code="9">978-3-8253-5509-8</marc:subfield>
        </marc:datafield>
        <marc:datafield ind1="3" ind2=" " tag="024">
            <marc:subfield code="a">9783825355098</marc:subfield>
        </marc:datafield>
        <marc:datafield ind1=" " ind2=" " tag="035">
            <marc:subfield code="a">(DE-599)DNB989734994</marc:subfield>
        </marc:datafield>
        <marc:datafield ind1=" " ind2=" " tag="035">
            <marc:subfield code="a">(OCoLC)300151958</marc:subfield>
        </marc:datafield>
        <marc:datafield ind1=" " ind2=" " tag="040">
            <marc:subfield code="a">1245</marc:subfield>
            <marc:subfield code="b">ger</marc:subfield>
            <marc:subfield code="c">DE-101</marc:subfield>
            <marc:subfield code="d">9999</marc:subfield>
        </marc:datafield>
        <marc:datafield ind1=" " ind2=" " tag="041">
            <marc:subfield code="a">ger</marc:subfield>
        </marc:datafield>
        <marc:datafield ind1=" " ind2=" " tag="044">
            <marc:subfield code="c">XA-DE-BW</marc:subfield>
        </marc:datafield>
        <marc:datafield ind1="0" ind2="4" tag="082">
            <marc:subfield code="8">1\u</marc:subfield>
            <marc:subfield code="a">832.91409351</marc:subfield>
            <marc:subfield code="q">DE-101</marc:subfield>
            <marc:subfield code="2">22/ger</marc:subfield>
        </marc:datafield>
        <marc:datafield ind1="7" ind2=" " tag="083">
            <marc:subfield code="a">830</marc:subfield>
            <marc:subfield code="q">DE-101</marc:subfield>
            <marc:subfield code="2">22sdnb</marc:subfield>
        </marc:datafield>
        <marc:datafield ind1=" " ind2=" " tag="085">
            <marc:subfield code="8">1\u</marc:subfield>
            <marc:subfield code="b">832</marc:subfield>
        </marc:datafield>
        <marc:datafield ind1=" " ind2=" " tag="085">
            <marc:subfield code="8">1\u</marc:subfield>
            <marc:subfield code="z">3C</marc:subfield>
            <marc:subfield code="s">351</marc:subfield>
        </marc:datafield>
        <marc:datafield ind1=" " ind2=" " tag="090">
            <marc:subfield code="a">b</marc:subfield>
        </marc:datafield>
        <marc:datafield ind1="1" ind2=" " tag="100">
            <marc:subfield code="0">(DE-588)111454182</marc:subfield>
            <marc:subfield code="0">http://d-nb.info/gnd/111454182</marc:subfield>
            <marc:subfield code="0">(DE-101)111454182</marc:subfield>
            <marc:subfield code="a">Crăciun, Ioana</marc:subfield>
            <marc:subfield code="d">1958-</marc:subfield>
            <marc:subfield code="e">Verfasser</marc:subfield>
            <marc:subfield code="4">aut</marc:subfield>
            <marc:subfield code="1p">craciunioana</marc:subfield>
        </marc:datafield>
        <marc:datafield ind1="0" ind2="0" tag="245">
            <marc:subfield code="a">Historische Dichtergestalten im zeitgenössischen deutschen
                Drama</marc:subfield>
            <marc:subfield code="b">Untersuchungen zu Theaterstücken von Tankred Dorst, Günter
                Grass, Martin Walser und Peter Weiss</marc:subfield>
            <marc:subfield code="c">Ioana Crăciun</marc:subfield>
        </marc:datafield>
        <marc:datafield ind1=" " ind2="1" tag="264">
            <marc:subfield code="a">Heidelberg</marc:subfield>
            <marc:subfield code="b">Winter</marc:subfield>
            <marc:subfield code="c">2008</marc:subfield>
        </marc:datafield>
        <marc:datafield ind1=" " ind2=" " tag="300">
            <marc:subfield code="a">304 S.</marc:subfield>
            <marc:subfield code="c">22 cm</marc:subfield>
        </marc:datafield>
        <marc:datafield ind1=" " ind2=" " tag="336">
            <marc:subfield code="a">Text</marc:subfield>
            <marc:subfield code="b">txt</marc:subfield>
            <marc:subfield code="2">rdacontent</marc:subfield>
        </marc:datafield>
        <marc:datafield ind1=" " ind2=" " tag="337">
            <marc:subfield code="a">ohne Hilfsmittel zu benutzen</marc:subfield>
            <marc:subfield code="b">n</marc:subfield>
            <marc:subfield code="2">rdamedia</marc:subfield>
        </marc:datafield>
        <marc:datafield ind1=" " ind2=" " tag="338">
            <marc:subfield code="a">Band</marc:subfield>
            <marc:subfield code="b">nc</marc:subfield>
            <marc:subfield code="2">rdacarrier</marc:subfield>
        </marc:datafield>
        <marc:datafield ind1="1" ind2=" " tag="490">
            <marc:subfield code="a">Beiträge zur neueren Literaturgeschichte</marc:subfield>
            <marc:subfield code="v">Bd. 260</marc:subfield>
        </marc:datafield>
        <marc:datafield ind1=" " ind2=" " tag="500">
            <marc:subfield code="a">Literaturverz. S. 281 - 291</marc:subfield>
        </marc:datafield>
        <marc:datafield ind1="1" ind2="7" tag="600">
            <marc:subfield code="0">(DE-588)4410853-9</marc:subfield>
            <marc:subfield code="0">http://d-nb.info/gnd/4410853-9</marc:subfield>
            <marc:subfield code="0">(DE-101)947616896</marc:subfield>
            <marc:subfield code="a">Grass, Günter</marc:subfield>
            <marc:subfield code="d">1927-2015</marc:subfield>
            <marc:subfield code="t">Die Plebejer proben den Aufstand</marc:subfield>
            <marc:subfield code="2">gnd</marc:subfield>
            <marc:subfield code="1p">http://viaf.org/viaf/102319859</marc:subfield>
            <marc:subfield code="1w">http://oslomet.workid.no/gg/06</marc:subfield>
        </marc:datafield>
        <marc:datafield ind1="1" ind2="7" tag="600">
            <marc:subfield code="0">(DE-588)118514768</marc:subfield>
            <marc:subfield code="0">http://d-nb.info/gnd/118514768</marc:subfield>
            <marc:subfield code="0">(DE-101)118514768</marc:subfield>
            <marc:subfield code="a">Brecht, Bertolt</marc:subfield>
            <marc:subfield code="d">1898-1956</marc:subfield>
            <marc:subfield code="2">gnd</marc:subfield>
            <marc:subfield code="1p">brechtbertolt</marc:subfield>
        </marc:datafield>
        <marc:datafield ind1="1" ind2="7" tag="600">
            <marc:subfield code="0">(DE-588)4410852-7</marc:subfield>
            <marc:subfield code="0">http://d-nb.info/gnd/4410852-7</marc:subfield>
            <marc:subfield code="0">(DE-101)947616713</marc:subfield>
            <marc:subfield code="a">Dorst, Tankred</marc:subfield>
            <marc:subfield code="d">1925-2017</marc:subfield>
            <marc:subfield code="t">Toller</marc:subfield>
            <marc:subfield code="2">gnd</marc:subfield>
            <marc:subfield code="1p">dorsttankred</marc:subfield>
        </marc:datafield>
        <marc:datafield ind1="1" ind2="7" tag="600">
            <marc:subfield code="0">(DE-588)118623230</marc:subfield>
            <marc:subfield code="0">http://d-nb.info/gnd/118623230</marc:subfield>
            <marc:subfield code="0">(DE-101)118623230</marc:subfield>
            <marc:subfield code="a">Toller, Ernst</marc:subfield>
            <marc:subfield code="d">1893-1939</marc:subfield>
            <marc:subfield code="2">gnd</marc:subfield>
            <marc:subfield code="1p">tollerernst</marc:subfield>
        </marc:datafield>
        <marc:datafield ind1="1" ind2="7" tag="600">
            <marc:subfield code="0">(DE-588)4298777-5</marc:subfield>
            <marc:subfield code="0">http://d-nb.info/gnd/4298777-5</marc:subfield>
            <marc:subfield code="0">(DE-101)042987776</marc:subfield>
            <marc:subfield code="a">Weiss, Peter</marc:subfield>
            <marc:subfield code="d">1916-1982</marc:subfield>
            <marc:subfield code="t">Hölderlin</marc:subfield>
            <marc:subfield code="2">gnd</marc:subfield>
            <marc:subfield code="1p">weisspeter</marc:subfield>
        </marc:datafield>
        <marc:datafield ind1="1" ind2="7" tag="600">
            <marc:subfield code="0">(DE-588)118551981</marc:subfield>
            <marc:subfield code="0">http://d-nb.info/gnd/118551981</marc:subfield>
            <marc:subfield code="0">(DE-101)118551981</marc:subfield>
            <marc:subfield code="a">Hölderlin, Friedrich</marc:subfield>
            <marc:subfield code="d">1770-1843</marc:subfield>
            <marc:subfield code="2">gnd</marc:subfield>
            <marc:subfield code="1p">holderlinfriedrich</marc:subfield>
        </marc:datafield>
        <marc:datafield ind1="1" ind2="7" tag="600">
            <marc:subfield code="0">(DE-588)4998719-7</marc:subfield>
            <marc:subfield code="0">http://d-nb.info/gnd/4998719-7</marc:subfield>
            <marc:subfield code="0">(DE-101)977717607</marc:subfield>
            <marc:subfield code="a">Walser, Martin</marc:subfield>
            <marc:subfield code="d">1927-</marc:subfield>
            <marc:subfield code="t">In Goethes Hand</marc:subfield>
            <marc:subfield code="2">gnd</marc:subfield>
            <marc:subfield code="1p">walsermartin</marc:subfield>
        </marc:datafield>
        <marc:datafield ind1="1" ind2="7" tag="600">
            <marc:subfield code="0">(DE-588)118540238</marc:subfield>
            <marc:subfield code="0">http://d-nb.info/gnd/118540238</marc:subfield>
            <marc:subfield code="0">(DE-101)118540238</marc:subfield>
            <marc:subfield code="a">Goethe, Johann Wolfgang von</marc:subfield>
            <marc:subfield code="d">1749-1832</marc:subfield>
            <marc:subfield code="2">gnd</marc:subfield>
            <marc:subfield code="1p">http://viaf.org/viaf/24602065</marc:subfield>
        </marc:datafield>
        <marc:datafield ind1="1" ind2="7" tag="600">
            <marc:subfield code="0">(DE-588)4734561-5</marc:subfield>
            <marc:subfield code="0">http://d-nb.info/gnd/4734561-5</marc:subfield>
            <marc:subfield code="0">(DE-101)967795745</marc:subfield>
            <marc:subfield code="a">Dorst, Tankred</marc:subfield>
            <marc:subfield code="d">1925-2017</marc:subfield>
            <marc:subfield code="t">Harrys Kopf</marc:subfield>
            <marc:subfield code="2">gnd</marc:subfield>
            <marc:subfield code="1p">dorsttankred</marc:subfield>
        </marc:datafield>
        <marc:datafield ind1="1" ind2="7" tag="600">
            <marc:subfield code="0">(DE-588)118548018</marc:subfield>
            <marc:subfield code="0">http://d-nb.info/gnd/118548018</marc:subfield>
            <marc:subfield code="0">(DE-101)118548018</marc:subfield>
            <marc:subfield code="a">Heine, Heinrich</marc:subfield>
            <marc:subfield code="d">1797-1856</marc:subfield>
            <marc:subfield code="2">gnd</marc:subfield>
            <marc:subfield code="1p">heineheinrich</marc:subfield>
        </marc:datafield>
        <marc:datafield ind1=" " ind2=" " tag="653">
            <marc:subfield code="a">(VLB-PF)BB: Gebunden</marc:subfield>
        </marc:datafield>
        <marc:datafield ind1=" " ind2=" " tag="653">
            <marc:subfield code="a">(VLB-WN)1563: HC/Deutsche Sprachwissenschaft, Deutschsprachige
                Literaturwissenschaft</marc:subfield>
        </marc:datafield>
        <marc:datafield ind1=" " ind2="0" tag="830">
            <marc:subfield code="a">Beiträge zur neueren Literaturgeschichte</marc:subfield>
            <marc:subfield code="v">Bd. 260</marc:subfield>
            <marc:subfield code="w">(DE-101)012923702</marc:subfield>
            <marc:subfield code="w">(DE-600)539521-5</marc:subfield>
            <marc:subfield code="9">3260</marc:subfield>
            <marc:subfield code="7">as</marc:subfield>
        </marc:datafield>
        <marc:datafield ind1=" " ind2=" " tag="850">
            <marc:subfield code="a">DE-101a</marc:subfield>
            <marc:subfield code="a">DE-101b</marc:subfield>
        </marc:datafield>
        <marc:datafield ind1="4" ind2="2" tag="856">
            <marc:subfield code="m">B:DE-101</marc:subfield>
            <marc:subfield code="q">application/pdf</marc:subfield>
            <marc:subfield code="u">http://d-nb.info/989734994/04</marc:subfield>
            <marc:subfield code="3">Inhaltsverzeichnis</marc:subfield>
        </marc:datafield>
        <marc:datafield ind1="4" ind2="2" tag="856">
            <marc:subfield code="m">X:MVB</marc:subfield>
            <marc:subfield code="q">text/html</marc:subfield>
            <marc:subfield code="u">http://deposit.dnb.de/cgi-bin/dokserv?id=3139608&amp;prov=M&amp;dok_var=1&amp;dok_ext=htm</marc:subfield>
            <marc:subfield code="3">Inhaltstext</marc:subfield>
        </marc:datafield>
    </marc:record>