
    <marc:record type="Bibliographic" source="1999-DNB-Germany-Gunter-Grass.xml">
        <marc:leader>00000nam a2200000 c 4500</marc:leader>
        <marc:controlfield tag="001">967670314</marc:controlfield>
        <marc:controlfield tag="003">DE-101</marc:controlfield>
        <marc:controlfield tag="005">20171203143320.0</marc:controlfield>
        <marc:controlfield tag="007">tu</marc:controlfield>
        <marc:controlfield tag="008">030523s2002    gw ||||| m||| 00||||ger  </marc:controlfield>
        <marc:datafield ind1=" " ind2=" " tag="015">
            <marc:subfield code="a">03,H07,2589</marc:subfield>
            <marc:subfield code="2">dnb</marc:subfield>
        </marc:datafield>
        <marc:datafield ind1="7" ind2=" " tag="016">
            <marc:subfield code="2">DE-101</marc:subfield>
            <marc:subfield code="a">967670314</marc:subfield>
        </marc:datafield>
        <marc:datafield ind1=" " ind2=" " tag="035">
            <marc:subfield code="a">(DE-599)DNB967670314</marc:subfield>
        </marc:datafield>
        <marc:datafield ind1=" " ind2=" " tag="035">
            <marc:subfield code="a">(OCoLC)722810567</marc:subfield>
        </marc:datafield>
        <marc:datafield ind1=" " ind2=" " tag="040">
            <marc:subfield code="a">1140</marc:subfield>
            <marc:subfield code="b">ger</marc:subfield>
            <marc:subfield code="c">DE-101</marc:subfield>
            <marc:subfield code="d">9999</marc:subfield>
        </marc:datafield>
        <marc:datafield ind1=" " ind2=" " tag="041">
            <marc:subfield code="a">ger</marc:subfield>
        </marc:datafield>
        <marc:datafield ind1=" " ind2=" " tag="043">
            <marc:subfield code="c">XA-DE</marc:subfield>
            <marc:subfield code="c">XA-DE</marc:subfield>
        </marc:datafield>
        <marc:datafield ind1=" " ind2=" " tag="044">
            <marc:subfield code="c">XA-DE</marc:subfield>
        </marc:datafield>
        <marc:datafield ind1="0" ind2="4" tag="082">
            <marc:subfield code="8">1\u</marc:subfield>
            <marc:subfield code="a">833.914</marc:subfield>
            <marc:subfield code="q">DE-101</marc:subfield>
            <marc:subfield code="2">21/eng</marc:subfield>
        </marc:datafield>
        <marc:datafield ind1="0" ind2=" " tag="083">
            <marc:subfield code="8">2\u</marc:subfield>
            <marc:subfield code="a">943.10879</marc:subfield>
            <marc:subfield code="q">DE-101</marc:subfield>
            <marc:subfield code="2">21/eng</marc:subfield>
        </marc:datafield>
        <marc:datafield ind1=" " ind2=" " tag="084">
            <marc:subfield code="a">53</marc:subfield>
            <marc:subfield code="a">63</marc:subfield>
            <marc:subfield code="a">430</marc:subfield>
            <marc:subfield code="a">830</marc:subfield>
            <marc:subfield code="q">DE-101</marc:subfield>
            <marc:subfield code="2">sdnb</marc:subfield>
        </marc:datafield>
        <marc:datafield ind1=" " ind2=" " tag="084">
            <marc:subfield code="a">12.2p</marc:subfield>
            <marc:subfield code="a">12.4</marc:subfield>
            <marc:subfield code="a">12.2p</marc:subfield>
            <marc:subfield code="a">16.5</marc:subfield>
            <marc:subfield code="a">8.1</marc:subfield>
            <marc:subfield code="q">DE-101</marc:subfield>
            <marc:subfield code="2">sswd</marc:subfield>
        </marc:datafield>
        <marc:datafield ind1=" " ind2=" " tag="085">
            <marc:subfield code="8">1\u</marc:subfield>
            <marc:subfield code="b">833</marc:subfield>
        </marc:datafield>
        <marc:datafield ind1=" " ind2=" " tag="085">
            <marc:subfield code="8">2\u</marc:subfield>
            <marc:subfield code="b">943.10879</marc:subfield>
        </marc:datafield>
        <marc:datafield ind1=" " ind2=" " tag="090">
            <marc:subfield code="a">b</marc:subfield>
        </marc:datafield>
        <marc:datafield ind1="1" ind2=" " tag="100">
            <marc:subfield code="0">(DE-588)124495907</marc:subfield>
            <marc:subfield code="0">http://d-nb.info/gnd/124495907</marc:subfield>
            <marc:subfield code="0">(DE-101)124495907</marc:subfield>
            <marc:subfield code="a">Köpcke, Rolf</marc:subfield>
            <marc:subfield code="e">Verfasser</marc:subfield>
            <marc:subfield code="4">aut</marc:subfield>
            <marc:subfield code="1p">kopckerolf</marc:subfield>
        </marc:datafield>
        <marc:datafield ind1="0" ind2="0" tag="245">
            <marc:subfield code="a">Die Verarbeitung der Wiedervereinigung Deutschlands im Wende-
                und Berlin-Roman "Ein weites Feld" (1995) von Günter Grass</marc:subfield>
            <marc:subfield code="b">die Versuche der Einflussnahme des Ministeriums für
                Staatssicherheit (MfS) auf ihn</marc:subfield>
            <marc:subfield code="c">vorgelegt von: Rolf Köpcke</marc:subfield>
        </marc:datafield>
        <marc:datafield ind1=" " ind2=" " tag="300">
            <marc:subfield code="a">224 S.</marc:subfield>
            <marc:subfield code="b">Ill.</marc:subfield>
            <marc:subfield code="c">21 cm</marc:subfield>
        </marc:datafield>
        <marc:datafield ind1=" " ind2=" " tag="336">
            <marc:subfield code="a">Text</marc:subfield>
            <marc:subfield code="b">txt</marc:subfield>
            <marc:subfield code="2">rdacontent</marc:subfield>
        </marc:datafield>
        <marc:datafield ind1=" " ind2=" " tag="337">
            <marc:subfield code="a">ohne Hilfsmittel zu benutzen</marc:subfield>
            <marc:subfield code="b">n</marc:subfield>
            <marc:subfield code="2">rdamedia</marc:subfield>
        </marc:datafield>
        <marc:datafield ind1=" " ind2=" " tag="338">
            <marc:subfield code="a">Band</marc:subfield>
            <marc:subfield code="b">nc</marc:subfield>
            <marc:subfield code="2">rdacarrier</marc:subfield>
        </marc:datafield>
        <marc:datafield ind1=" " ind2=" " tag="502">
            <marc:subfield code="a">Berlin, Freie Univ., Diss., 2003 (Nicht für den
                Austausch)</marc:subfield>
        </marc:datafield>
        <marc:datafield ind1="1" ind2="7" tag="600">
            <marc:subfield code="0">(DE-588)4398260-8</marc:subfield>
            <marc:subfield code="0">http://d-nb.info/gnd/4398260-8</marc:subfield>
            <marc:subfield code="0">(DE-101)946538166</marc:subfield>
            <marc:subfield code="a">Grass, Günter</marc:subfield>
            <marc:subfield code="d">1927-2015</marc:subfield>
            <marc:subfield code="t">Ein weites Feld</marc:subfield>
            <marc:subfield code="2">gnd</marc:subfield>
            <marc:subfield code="1p">http://viaf.org/viaf/102319859</marc:subfield>
            <marc:subfield code="1w">http://www.wikidata.org/entity/Q1254354</marc:subfield>
        </marc:datafield>
        <marc:datafield ind1="1" ind2="7" tag="600">
            <marc:subfield code="0">(DE-588)118541579</marc:subfield>
            <marc:subfield code="0">http://d-nb.info/gnd/118541579</marc:subfield>
            <marc:subfield code="0">(DE-101)118541579</marc:subfield>
            <marc:subfield code="a">Grass, Günter</marc:subfield>
            <marc:subfield code="d">1927-2015</marc:subfield>
            <marc:subfield code="2">gnd</marc:subfield>
            <marc:subfield code="1p">http://viaf.org/viaf/102319859</marc:subfield>
        </marc:datafield>
        <marc:datafield ind1="1" ind2="7" tag="610">
            <marc:subfield code="0">(DE-588)2065138-7</marc:subfield>
            <marc:subfield code="0">http://d-nb.info/gnd/2065138-7</marc:subfield>
            <marc:subfield code="0">(DE-101)007159757</marc:subfield>
            <marc:subfield code="a">Deutschland</marc:subfield>
            <marc:subfield code="g">DDR</marc:subfield>
            <marc:subfield code="b">Ministerium für Staatssicherheit</marc:subfield>
            <marc:subfield code="2">gnd</marc:subfield>
        </marc:datafield>
        <marc:datafield ind1="0" ind2="8" tag="776">
            <marc:subfield code="i">Online-Ausg.</marc:subfield>
            <marc:subfield code="a">Köpcke, Rolf</marc:subfield>
            <marc:subfield code="t">Die Verarbeitung der Wiedervereinigung Deutschlands im Wende-
                und Berlin-Roman "Ein weites Feld" (1995) von Günter Grass </marc:subfield>
            <marc:subfield code="w">(DE-101)967067979</marc:subfield>
        </marc:datafield>
        <marc:datafield ind1=" " ind2=" " tag="850">
            <marc:subfield code="a">DE-101a</marc:subfield>
            <marc:subfield code="a">DE-101b</marc:subfield>
        </marc:datafield>
    </marc:record>