
    <marc:record type="Bibliographic" source="1999-DNB-Germany-Gunter-Grass.xml">
        <marc:leader>00000nam a2200000uc 4500</marc:leader>
        <marc:controlfield tag="001">1042420564</marc:controlfield>
        <marc:controlfield tag="003">DE-101</marc:controlfield>
        <marc:controlfield tag="005">20171207205956.0</marc:controlfield>
        <marc:controlfield tag="007">cr||||||||||||</marc:controlfield>
        <marc:controlfield tag="008">130930s2013    gw |||||om||| 00||||ger  </marc:controlfield>
        <marc:datafield ind1=" " ind2=" " tag="015">
            <marc:subfield code="a">13,O10</marc:subfield>
            <marc:subfield code="2">dnb</marc:subfield>
        </marc:datafield>
        <marc:datafield ind1="7" ind2=" " tag="016">
            <marc:subfield code="2">DE-101</marc:subfield>
            <marc:subfield code="a">1042420564</marc:subfield>
        </marc:datafield>
        <marc:datafield ind1=" " ind2=" " tag="020">
            <marc:subfield code="a">9783653031058</marc:subfield>
            <marc:subfield code="9">978-3-653-03105-8</marc:subfield>
        </marc:datafield>
        <marc:datafield ind1="3" ind2=" " tag="024">
            <marc:subfield code="a">9783653031058</marc:subfield>
        </marc:datafield>
        <marc:datafield ind1="7" ind2=" " tag="024">
            <marc:subfield code="2">urn</marc:subfield>
            <marc:subfield code="a">urn:nbn:de:101:1-2013093020694</marc:subfield>
        </marc:datafield>
        <marc:datafield ind1=" " ind2=" " tag="035">
            <marc:subfield code="a">(DE-599)DNB1042420564</marc:subfield>
        </marc:datafield>
        <marc:datafield ind1=" " ind2=" " tag="040">
            <marc:subfield code="a">1240</marc:subfield>
            <marc:subfield code="b">ger</marc:subfield>
            <marc:subfield code="c">DE-101</marc:subfield>
            <marc:subfield code="d">9999</marc:subfield>
        </marc:datafield>
        <marc:datafield ind1=" " ind2=" " tag="041">
            <marc:subfield code="a">ger</marc:subfield>
        </marc:datafield>
        <marc:datafield ind1=" " ind2=" " tag="044">
            <marc:subfield code="c">XA-DE-HE</marc:subfield>
        </marc:datafield>
        <marc:datafield ind1="0" ind2="4" tag="082">
            <marc:subfield code="8">1\u</marc:subfield>
            <marc:subfield code="a">809.39357</marc:subfield>
            <marc:subfield code="q">DE-101</marc:subfield>
            <marc:subfield code="2">22/ger</marc:subfield>
        </marc:datafield>
        <marc:datafield ind1="7" ind2=" " tag="083">
            <marc:subfield code="8">2\p</marc:subfield>
            <marc:subfield code="a">800</marc:subfield>
            <marc:subfield code="q">DE-101</marc:subfield>
            <marc:subfield code="2">23sdnb</marc:subfield>
        </marc:datafield>
        <marc:datafield ind1=" " ind2=" " tag="085">
            <marc:subfield code="8">1\u</marc:subfield>
            <marc:subfield code="b">809</marc:subfield>
        </marc:datafield>
        <marc:datafield ind1=" " ind2=" " tag="085">
            <marc:subfield code="8">1\u</marc:subfield>
            <marc:subfield code="s">808.839</marc:subfield>
        </marc:datafield>
        <marc:datafield ind1=" " ind2=" " tag="085">
            <marc:subfield code="8">1\u</marc:subfield>
            <marc:subfield code="z">3C</marc:subfield>
            <marc:subfield code="s">357</marc:subfield>
        </marc:datafield>
        <marc:datafield ind1="1" ind2=" " tag="100">
            <marc:subfield code="0">(DE-588)1032789093</marc:subfield>
            <marc:subfield code="0">http://d-nb.info/gnd/1032789093</marc:subfield>
            <marc:subfield code="0">(DE-101)1032789093</marc:subfield>
            <marc:subfield code="a">Beltz, Bettina</marc:subfield>
            <marc:subfield code="e">Verfasser</marc:subfield>
            <marc:subfield code="4">aut</marc:subfield>
            <marc:subfield code="1p">beltzbettina</marc:subfield>
        </marc:datafield>
        <marc:datafield ind1="0" ind2="0" tag="245">
            <marc:subfield code="a">«Fortsetzung folgt...»</marc:subfield>
            <marc:subfield code="b">Zum intertextuellen Trialog zwischen Günter Grass, Salman
                Rushdie, John Irving und ihrem Ahnherrn Laurence Sterne</marc:subfield>
            <marc:subfield code="c">Bettina Beltz</marc:subfield>
        </marc:datafield>
        <marc:datafield ind1=" " ind2="1" tag="264">
            <marc:subfield code="a">Frankfurt</marc:subfield>
            <marc:subfield code="b">Peter Lang GmbH, Internationaler Verlag der
                Wissenschaften</marc:subfield>
            <marc:subfield code="c">2013</marc:subfield>
        </marc:datafield>
        <marc:datafield ind1=" " ind2=" " tag="300">
            <marc:subfield code="a">Online-Ressource</marc:subfield>
        </marc:datafield>
        <marc:datafield ind1=" " ind2=" " tag="336">
            <marc:subfield code="a">Text</marc:subfield>
            <marc:subfield code="b">txt</marc:subfield>
            <marc:subfield code="2">rdacontent</marc:subfield>
        </marc:datafield>
        <marc:datafield ind1=" " ind2=" " tag="337">
            <marc:subfield code="a">Computermedien</marc:subfield>
            <marc:subfield code="b">c</marc:subfield>
            <marc:subfield code="2">rdamedia</marc:subfield>
        </marc:datafield>
        <marc:datafield ind1=" " ind2=" " tag="338">
            <marc:subfield code="a">Online-Ressource</marc:subfield>
            <marc:subfield code="b">cr</marc:subfield>
            <marc:subfield code="2">rdacarrier</marc:subfield>
        </marc:datafield>
        <marc:datafield ind1="1" ind2=" " tag="490">
            <marc:subfield code="a">Kölner Studien zur Literaturwissenschaft</marc:subfield>
            <marc:subfield code="v">18</marc:subfield>
        </marc:datafield>
        <marc:datafield ind1=" " ind2=" " tag="500">
            <marc:subfield code="a">Lizenzpflichtig</marc:subfield>
        </marc:datafield>
        <marc:datafield ind1=" " ind2=" " tag="502">
            <marc:subfield code="a">Zugl.: Köln, Univ., Diss., 2012</marc:subfield>
        </marc:datafield>
        <marc:datafield ind1="1" ind2=" " tag="583">
            <marc:subfield code="a">Langzeitarchivierung gewährleistet</marc:subfield>
            <marc:subfield code="i">LZA</marc:subfield>
        </marc:datafield>
        <marc:datafield ind1="1" ind2="7" tag="600">
            <marc:subfield code="0">(DE-588)4099211-1</marc:subfield>
            <marc:subfield code="0">http://d-nb.info/gnd/4099211-1</marc:subfield>
            <marc:subfield code="0">(DE-101)04099211X</marc:subfield>
            <marc:subfield code="a">Grass, Günter</marc:subfield>
            <marc:subfield code="d">1927-2015</marc:subfield>
            <marc:subfield code="t">Die Blechtrommel</marc:subfield>
            <marc:subfield code="2">gnd</marc:subfield>
            <marc:subfield code="1p">http://viaf.org/viaf/102319859</marc:subfield>
            <marc:subfield code="1w">http://www.wikidata.org/entity/Q899334</marc:subfield>
        </marc:datafield>
        <marc:datafield ind1="1" ind2="7" tag="600">
            <marc:subfield code="0">(DE-588)4371195-9</marc:subfield>
            <marc:subfield code="0">http://d-nb.info/gnd/4371195-9</marc:subfield>
            <marc:subfield code="0">(DE-101)943962471</marc:subfield>
            <marc:subfield code="a">Rushdie, Salman</marc:subfield>
            <marc:subfield code="d">1947-</marc:subfield>
            <marc:subfield code="t">Midnight's children</marc:subfield>
            <marc:subfield code="2">gnd</marc:subfield>
            <marc:subfield code="1p">rushdiesalman</marc:subfield>
        </marc:datafield>
        <marc:datafield ind1="1" ind2="7" tag="600">
            <marc:subfield code="0">(DE-588)4639036-4</marc:subfield>
            <marc:subfield code="0">http://d-nb.info/gnd/4639036-4</marc:subfield>
            <marc:subfield code="0">(DE-101)961721316</marc:subfield>
            <marc:subfield code="a">Irving, John</marc:subfield>
            <marc:subfield code="d">1942-</marc:subfield>
            <marc:subfield code="t">A son of the circus</marc:subfield>
            <marc:subfield code="2">gnd</marc:subfield>
            <marc:subfield code="1p">irvingjohn</marc:subfield>
        </marc:datafield>
        <marc:datafield ind1="1" ind2="7" tag="600">
            <marc:subfield code="0">(DE-588)4099376-0</marc:subfield>
            <marc:subfield code="0">http://d-nb.info/gnd/4099376-0</marc:subfield>
            <marc:subfield code="0">(DE-101)040993760</marc:subfield>
            <marc:subfield code="a">Sterne, Laurence</marc:subfield>
            <marc:subfield code="d">1713-1768</marc:subfield>
            <marc:subfield code="t">The life and opinions of Tristram Shandy</marc:subfield>
            <marc:subfield code="2">gnd</marc:subfield>
            <marc:subfield code="1p">sternelaurence</marc:subfield>
        </marc:datafield>
        <marc:datafield ind1=" " ind2=" " tag="653">
            <marc:subfield code="a">(Produktform)Electronic book text</marc:subfield>
        </marc:datafield>
        <marc:datafield ind1=" " ind2=" " tag="653">
            <marc:subfield code="a">(Zielgruppe)Fachpublikum/ Wissenschaft</marc:subfield>
        </marc:datafield>
        <marc:datafield ind1=" " ind2=" " tag="653">
            <marc:subfield code="a">Fiktive Autobiographie</marc:subfield>
        </marc:datafield>
        <marc:datafield ind1=" " ind2=" " tag="653">
            <marc:subfield code="a">Antibildungsroman</marc:subfield>
        </marc:datafield>
        <marc:datafield ind1=" " ind2=" " tag="653">
            <marc:subfield code="a">Pikaroroman</marc:subfield>
        </marc:datafield>
        <marc:datafield ind1=" " ind2=" " tag="653">
            <marc:subfield code="a">Postmoderne</marc:subfield>
        </marc:datafield>
        <marc:datafield ind1=" " ind2=" " tag="653">
            <marc:subfield code="a">Transkulturalität</marc:subfield>
        </marc:datafield>
        <marc:datafield ind1=" " ind2=" " tag="653">
            <marc:subfield code="a">(Publisher’s own category code)15.01.02: Germanistik; Allg.
                Literaturwiss., Theorie, Kritik</marc:subfield>
        </marc:datafield>
        <marc:datafield ind1=" " ind2=" " tag="653">
            <marc:subfield code="a">(Publisher’s own category code)15.01.03.11: Germanistik; Nach
                1945</marc:subfield>
        </marc:datafield>
        <marc:datafield ind1=" " ind2=" " tag="653">
            <marc:subfield code="a">(Publisher’s own category code)15.01.04: Germanistik; Stoff- und
                Motivforschung</marc:subfield>
        </marc:datafield>
        <marc:datafield ind1=" " ind2=" " tag="653">
            <marc:subfield code="a">(VLB-WN)9563</marc:subfield>
        </marc:datafield>
        <marc:datafield ind1=" " ind2=" " tag="653">
            <marc:subfield code="a">(BISAC Subject Heading)LIT004120</marc:subfield>
        </marc:datafield>
        <marc:datafield ind1=" " ind2=" " tag="653">
            <marc:subfield code="a">(BISAC Subject Heading)LIT004170</marc:subfield>
        </marc:datafield>
        <marc:datafield ind1=" " ind2=" " tag="653">
            <marc:subfield code="a">(BISAC Subject Heading)LIT006000</marc:subfield>
        </marc:datafield>
        <marc:datafield ind1=" " ind2=" " tag="653">
            <marc:subfield code="a">(BIC subject category)DS</marc:subfield>
        </marc:datafield>
        <marc:datafield ind1=" " ind2=" " tag="653">
            <marc:subfield code="a">(BIC subject category)DSB</marc:subfield>
        </marc:datafield>
        <marc:datafield ind1=" " ind2=" " tag="653">
            <marc:subfield code="a">(BIC subject category)DSBH5</marc:subfield>
        </marc:datafield>
        <marc:datafield ind1=" " ind2=" " tag="653">
            <marc:subfield code="a">Polyphonie</marc:subfield>
        </marc:datafield>
        <marc:datafield ind1=" " ind2=" " tag="653">
            <marc:subfield code="a">Migration</marc:subfield>
        </marc:datafield>
        <marc:datafield ind1="0" ind2="8" tag="776">
            <marc:subfield code="i">Druckausg.</marc:subfield>
            <marc:subfield code="o">262840</marc:subfield>
        </marc:datafield>
        <marc:datafield ind1="0" ind2="8" tag="776">
            <marc:subfield code="i">Druckausg.</marc:subfield>
            <marc:subfield code="z">3-631-62840-4</marc:subfield>
        </marc:datafield>
        <marc:datafield ind1="0" ind2="8" tag="776">
            <marc:subfield code="i">Druckausg.</marc:subfield>
            <marc:subfield code="z">978-3-631-62840-9</marc:subfield>
        </marc:datafield>
        <marc:datafield ind1="0" ind2="8" tag="776">
            <marc:subfield code="i">Druckausg.</marc:subfield>
            <marc:subfield code="z">978-3-631-62840-9</marc:subfield>
        </marc:datafield>
        <marc:datafield ind1=" " ind2="0" tag="830">
            <marc:subfield code="a">Kölner Studien zur Literaturwissenschaft</marc:subfield>
            <marc:subfield code="v">18</marc:subfield>
            <marc:subfield code="9">218</marc:subfield>
        </marc:datafield>
        <marc:datafield ind1=" " ind2=" " tag="850">
            <marc:subfield code="a">DE-101a</marc:subfield>
            <marc:subfield code="a">DE-101b</marc:subfield>
        </marc:datafield>
        <marc:datafield ind1="4" ind2="0" tag="856">
            <marc:subfield code="u">http://nbn-resolving.de/urn:nbn:de:101:1-2013093020694</marc:subfield>
            <marc:subfield code="x">Resolving-System</marc:subfield>
        </marc:datafield>
        <marc:datafield ind1=" " ind2="0" tag="856">
            <marc:subfield code="u">http://d-nb.info/1042420564/34</marc:subfield>
            <marc:subfield code="x">Langzeitarchivierung Nationalbibliothek</marc:subfield>
        </marc:datafield>
        <marc:datafield ind1="4" ind2=" " tag="856">
            <marc:subfield code="q">application/pdf</marc:subfield>
            <marc:subfield code="u">http://www.peterlang.com/?262840E</marc:subfield>
            <marc:subfield code="x">Verlag</marc:subfield>
        </marc:datafield>
        <marc:datafield ind1="4" ind2="2" tag="856">
            <marc:subfield code="m">X:NP</marc:subfield>
            <marc:subfield code="q">application/pdf</marc:subfield>
            <marc:subfield code="u">http://www.peterlang.com/exportdatas/exportfiles/onix/toc/9783631628409_toc.pdf</marc:subfield>
            <marc:subfield code="3">Inhaltsverzeichnis</marc:subfield>
        </marc:datafield>
        <marc:datafield ind1="4" ind2="2" tag="856">
            <marc:subfield code="m">X:NP</marc:subfield>
            <marc:subfield code="q">application/pdf</marc:subfield>
            <marc:subfield code="u">http://www.peterlang.com/exportdatas/exportfiles/onix/intro/9783631628409_leseprobe01.pdf</marc:subfield>
            <marc:subfield code="3">Einführung/Vorwort</marc:subfield>
        </marc:datafield>
        <marc:datafield ind1="1" ind2=" " tag="883">
            <marc:subfield code="8">2\p</marc:subfield>
            <marc:subfield code="a">Übernahme aus paralleler Ausgabe</marc:subfield>
            <marc:subfield code="d">20131001</marc:subfield>
            <marc:subfield code="q">DE-101</marc:subfield>
        </marc:datafield>
    </marc:record>