
    <marc:record type="Bibliographic" source="1999-DNB-Germany-Gunter-Grass.xml">
        <marc:leader>00000nam a2200000 c 4500</marc:leader>
        <marc:controlfield tag="001">577731505</marc:controlfield>
        <marc:controlfield tag="003">DE-101</marc:controlfield>
        <marc:controlfield tag="005">20171203082434.0</marc:controlfield>
        <marc:controlfield tag="007">tu</marc:controlfield>
        <marc:controlfield tag="008">020830s1968    gw ||||| |||| 00||||ger  </marc:controlfield>
        <marc:datafield ind1=" " ind2=" " tag="015">
            <marc:subfield code="a">00,L01</marc:subfield>
            <marc:subfield code="2">dnb</marc:subfield>
        </marc:datafield>
        <marc:datafield ind1="7" ind2=" " tag="016">
            <marc:subfield code="2">DE-101</marc:subfield>
            <marc:subfield code="a">577731505</marc:subfield>
        </marc:datafield>
        <marc:datafield ind1=" " ind2=" " tag="020">
            <marc:subfield code="c">ffr 15.-</marc:subfield>
        </marc:datafield>
        <marc:datafield ind1=" " ind2=" " tag="035">
            <marc:subfield code="a">(DE-599)DNB577731505</marc:subfield>
        </marc:datafield>
        <marc:datafield ind1=" " ind2=" " tag="035">
            <marc:subfield code="a">(OCoLC)600806814</marc:subfield>
        </marc:datafield>
        <marc:datafield ind1=" " ind2=" " tag="040">
            <marc:subfield code="a">9999</marc:subfield>
            <marc:subfield code="b">ger</marc:subfield>
            <marc:subfield code="c">DE-101</marc:subfield>
            <marc:subfield code="d">9999</marc:subfield>
        </marc:datafield>
        <marc:datafield ind1=" " ind2=" " tag="041">
            <marc:subfield code="a">ger</marc:subfield>
        </marc:datafield>
        <marc:datafield ind1=" " ind2=" " tag="044">
            <marc:subfield code="c">XA-DE</marc:subfield>
        </marc:datafield>
        <marc:datafield ind1="1" ind2=" " tag="100">
            <marc:subfield code="0">(DE-588)118541579</marc:subfield>
            <marc:subfield code="0">http://d-nb.info/gnd/118541579</marc:subfield>
            <marc:subfield code="0">(DE-101)118541579</marc:subfield>
            <marc:subfield code="a">Grass, Günter</marc:subfield>
            <marc:subfield code="d">1927-2015</marc:subfield>
            <marc:subfield code="e">Verfasser</marc:subfield>
            <marc:subfield code="4">aut</marc:subfield>
            <marc:subfield code="1p">http://viaf.org/viaf/102319859</marc:subfield>
        </marc:datafield>
        <marc:datafield ind1="0" ind2="0" tag="245">
            <marc:subfield code="a">Les Plébéiens répètent l'insurrection</marc:subfield>
            <marc:subfield code="b">Théâtre ; Précédé d'un discours de l'auteur</marc:subfield>
            <marc:subfield code="c">Günter Grass. Trad. de l'allemand par Jean
                Amsler</marc:subfield>
        </marc:datafield>
        <marc:datafield ind1=" " ind2="1" tag="264">
            <marc:subfield code="a">Paris</marc:subfield>
            <marc:subfield code="b">Éditions du Seuil</marc:subfield>
            <marc:subfield code="c">1968</marc:subfield>
        </marc:datafield>
        <marc:datafield ind1=" " ind2=" " tag="300">
            <marc:subfield code="a">172 S.</marc:subfield>
            <marc:subfield code="c">8</marc:subfield>
        </marc:datafield>
        <marc:datafield ind1=" " ind2=" " tag="336">
            <marc:subfield code="a">Text</marc:subfield>
            <marc:subfield code="b">txt</marc:subfield>
            <marc:subfield code="2">rdacontent</marc:subfield>
        </marc:datafield>
        <marc:datafield ind1=" " ind2=" " tag="337">
            <marc:subfield code="a">ohne Hilfsmittel zu benutzen</marc:subfield>
            <marc:subfield code="b">n</marc:subfield>
            <marc:subfield code="2">rdamedia</marc:subfield>
        </marc:datafield>
        <marc:datafield ind1=" " ind2=" " tag="338">
            <marc:subfield code="a">Band</marc:subfield>
            <marc:subfield code="b">nc</marc:subfield>
            <marc:subfield code="2">rdacarrier</marc:subfield>
        </marc:datafield>
        <marc:datafield ind1="1" ind2=" " tag="700">
            <marc:subfield code="0">(DE-588)113217072</marc:subfield>
            <marc:subfield code="0">http://d-nb.info/gnd/113217072</marc:subfield>
            <marc:subfield code="0">(DE-101)113217072</marc:subfield>
            <marc:subfield code="a">Amsler, Jean</marc:subfield>
            <marc:subfield code="e">Mitwirkender</marc:subfield>
            <marc:subfield code="4" old="ctb">trl</marc:subfield>
            <marc:subfield code="1p">amslerjean</marc:subfield>
        </marc:datafield>
        <marc:datafield ind1="1" ind2="2" tag="700">
            <marc:subfield code="a">Grass, Günter</marc:subfield>
            <marc:subfield code="d">1927-2015</marc:subfield>
            <marc:subfield code="t">Die Plebejer proben den Aufstand</marc:subfield>
            <marc:subfield code="g">franz.</marc:subfield>
            <marc:subfield code="1p">http://viaf.org/viaf/102319859</marc:subfield>
            <marc:subfield code="1w">http://oslomet.workid.no/gg/06</marc:subfield>
        </marc:datafield>
        <marc:datafield ind1=" " ind2=" " tag="850">
            <marc:subfield code="a">DE-101a</marc:subfield>
            <marc:subfield code="a">DE-101b</marc:subfield>
        </marc:datafield>
    </marc:record>