
    <marc:record type="Bibliographic" source="1999-DNB-Germany-Gunter-Grass.xml">
        <marc:leader>00000nam a2200000 c 4500</marc:leader>
        <marc:controlfield tag="001">979712017</marc:controlfield>
        <marc:controlfield tag="003">DE-101</marc:controlfield>
        <marc:controlfield tag="005">20171201235001.0</marc:controlfield>
        <marc:controlfield tag="007">tu</marc:controlfield>
        <marc:controlfield tag="008">060512s2006    gw ||||| |||| 00||||ger  </marc:controlfield>
        <marc:datafield ind1=" " ind2=" " tag="015">
            <marc:subfield code="a">06,N23,1860</marc:subfield>
            <marc:subfield code="2">dnb</marc:subfield>
        </marc:datafield>
        <marc:datafield ind1="7" ind2=" " tag="016">
            <marc:subfield code="2">DE-101</marc:subfield>
            <marc:subfield code="a">979712017</marc:subfield>
        </marc:datafield>
        <marc:datafield ind1=" " ind2=" " tag="020">
            <marc:subfield code="a">9783865213402</marc:subfield>
            <marc:subfield code="c">Ln iKass. : EUR 280.00, sfr 442.00</marc:subfield>
            <marc:subfield code="9">978-3-86521-340-2</marc:subfield>
        </marc:datafield>
        <marc:datafield ind1=" " ind2=" " tag="020">
            <marc:subfield code="a">3865213405</marc:subfield>
            <marc:subfield code="c">Ln iKass. : EUR 280.00, sfr 442.00</marc:subfield>
            <marc:subfield code="9">3-86521-340-5</marc:subfield>
        </marc:datafield>
        <marc:datafield ind1="3" ind2=" " tag="024">
            <marc:subfield code="a">9783865213402</marc:subfield>
        </marc:datafield>
        <marc:datafield ind1=" " ind2=" " tag="035">
            <marc:subfield code="a">(DE-599)DNB979712017</marc:subfield>
        </marc:datafield>
        <marc:datafield ind1=" " ind2=" " tag="040">
            <marc:subfield code="a">1245</marc:subfield>
            <marc:subfield code="b">ger</marc:subfield>
            <marc:subfield code="c">DE-101</marc:subfield>
            <marc:subfield code="d">9999</marc:subfield>
        </marc:datafield>
        <marc:datafield ind1=" " ind2=" " tag="041">
            <marc:subfield code="a">ger</marc:subfield>
        </marc:datafield>
        <marc:datafield ind1=" " ind2=" " tag="044">
            <marc:subfield code="c">XA-DE-NI</marc:subfield>
        </marc:datafield>
        <marc:datafield ind1="7" ind2="4" tag="082">
            <marc:subfield code="a">830</marc:subfield>
            <marc:subfield code="q">DE-101</marc:subfield>
            <marc:subfield code="2">22sdnb</marc:subfield>
        </marc:datafield>
        <marc:datafield ind1="1" ind2=" " tag="100">
            <marc:subfield code="a">Grass, Günter</marc:subfield>
            <marc:subfield code="e">Verfasser</marc:subfield>
            <marc:subfield code="4">aut</marc:subfield>
            <marc:subfield code="e">Illustrator</marc:subfield>
            <marc:subfield code="4">ill</marc:subfield>
            <marc:subfield code="1p">http://viaf.org/viaf/102319859</marc:subfield>
        </marc:datafield>
        <marc:datafield tag="240" ind1="1" ind2="0">
            <marc:subfield code="a">Beim Häuten der Zwiebel</marc:subfield>
            <marc:subfield code="1w">http://www.wikidata.org/entity/Q814761</marc:subfield>
            <marc:subfield code="2">generated from 245</marc:subfield>
        </marc:datafield>
        <marc:datafield ind1="0" ind2="0" tag="245">
            <marc:subfield code="a">Beim Häuten der Zwiebel</marc:subfield>
            <marc:subfield code="b">Vorzugsausgabe 1 - Geteilte Zwiebel</marc:subfield>
            <marc:subfield code="c">Günter Grass ; Zeichn. von Günter Grass</marc:subfield>
        </marc:datafield>
        <marc:datafield ind1=" " ind2=" " tag="250">
            <marc:subfield code="a">1. Aufl.</marc:subfield>
        </marc:datafield>
        <marc:datafield ind1=" " ind2=" " tag="259">
            <marc:subfield code="a">11</marc:subfield>
        </marc:datafield>
        <marc:datafield ind1=" " ind2="1" tag="264">
            <marc:subfield code="a">Göttingen, Niedersachs</marc:subfield>
            <marc:subfield code="b">Steidl Göttingen</marc:subfield>
            <marc:subfield code="c">2006</marc:subfield>
        </marc:datafield>
        <marc:datafield ind1=" " ind2=" " tag="300">
            <marc:subfield code="a">432 S.</marc:subfield>
            <marc:subfield code="b">mit 25 Rötelzeichn. mit 1 sign. u. num.
                Rötel-Lithogr.</marc:subfield>
            <marc:subfield code="c">240 mm x 155 mm</marc:subfield>
        </marc:datafield>
        <marc:datafield ind1=" " ind2=" " tag="336">
            <marc:subfield code="a">Text</marc:subfield>
            <marc:subfield code="b">txt</marc:subfield>
            <marc:subfield code="2">rdacontent</marc:subfield>
        </marc:datafield>
        <marc:datafield ind1=" " ind2=" " tag="337">
            <marc:subfield code="a">ohne Hilfsmittel zu benutzen</marc:subfield>
            <marc:subfield code="b">n</marc:subfield>
            <marc:subfield code="2">rdamedia</marc:subfield>
        </marc:datafield>
        <marc:datafield ind1=" " ind2=" " tag="338">
            <marc:subfield code="a">Band</marc:subfield>
            <marc:subfield code="b">nc</marc:subfield>
            <marc:subfield code="2">rdacarrier</marc:subfield>
        </marc:datafield>
        <marc:datafield ind1=" " ind2=" " tag="653">
            <marc:subfield code="a">(VLB-PF)BB: Gebunden</marc:subfield>
        </marc:datafield>
        <marc:datafield ind1=" " ind2=" " tag="653">
            <marc:subfield code="a">(VLB-WI)1: Hardcover, Softcover, Karte</marc:subfield>
        </marc:datafield>
        <marc:datafield ind1=" " ind2=" " tag="653">
            <marc:subfield code="a">(VLB-WG)111: Belletristik / Romane, Erzählungen</marc:subfield>
        </marc:datafield>
    </marc:record>