
    <marc:record type="Bibliographic" source="1999-DNB-Germany-Gunter-Grass.xml">
        <marc:leader>00000nam a2200000 c 4500</marc:leader>
        <marc:controlfield tag="001">958881952</marc:controlfield>
        <marc:controlfield tag="003">DE-101</marc:controlfield>
        <marc:controlfield tag="005">20171203085721.0</marc:controlfield>
        <marc:controlfield tag="007">tu</marc:controlfield>
        <marc:controlfield tag="008">000412s1999    gw ||||| |||| 00||||ger  </marc:controlfield>
        <marc:datafield ind1=" " ind2=" " tag="015">
            <marc:subfield code="a">00,A21,0899</marc:subfield>
            <marc:subfield code="2">dnb</marc:subfield>
        </marc:datafield>
        <marc:datafield ind1="7" ind2=" " tag="016">
            <marc:subfield code="2">DE-101</marc:subfield>
            <marc:subfield code="a">958881952</marc:subfield>
        </marc:datafield>
        <marc:datafield ind1=" " ind2=" " tag="020">
            <marc:subfield code="a">9783882437010</marc:subfield>
            <marc:subfield code="c">kart. : DM 10.00, sfr 10.00, S 73.00</marc:subfield>
            <marc:subfield code="9">978-3-88243-701-0</marc:subfield>
        </marc:datafield>
        <marc:datafield ind1=" " ind2=" " tag="020">
            <marc:subfield code="a">3882437014</marc:subfield>
            <marc:subfield code="c">kart. : DM 10.00, sfr 10.00, S 73.00</marc:subfield>
            <marc:subfield code="9">3-88243-701-4</marc:subfield>
        </marc:datafield>
        <marc:datafield ind1=" " ind2=" " tag="035">
            <marc:subfield code="a">(DE-599)DNB958881952</marc:subfield>
        </marc:datafield>
        <marc:datafield ind1=" " ind2=" " tag="035">
            <marc:subfield code="a">(OCoLC)722925985</marc:subfield>
        </marc:datafield>
        <marc:datafield ind1=" " ind2=" " tag="040">
            <marc:subfield code="a">1240</marc:subfield>
            <marc:subfield code="b">ger</marc:subfield>
            <marc:subfield code="c">DE-101</marc:subfield>
            <marc:subfield code="d">9999</marc:subfield>
        </marc:datafield>
        <marc:datafield ind1=" " ind2=" " tag="041">
            <marc:subfield code="a">ger</marc:subfield>
        </marc:datafield>
        <marc:datafield ind1=" " ind2=" " tag="044">
            <marc:subfield code="c">XA-DE</marc:subfield>
        </marc:datafield>
        <marc:datafield ind1=" " ind2=" " tag="084">
            <marc:subfield code="a">53</marc:subfield>
            <marc:subfield code="a">430</marc:subfield>
            <marc:subfield code="a">830</marc:subfield>
            <marc:subfield code="q">DE-101</marc:subfield>
            <marc:subfield code="2">sdnb</marc:subfield>
        </marc:datafield>
        <marc:datafield ind1=" " ind2=" " tag="090">
            <marc:subfield code="a">b</marc:subfield>
        </marc:datafield>
        <marc:datafield ind1="1" ind2=" " tag="100">
            <marc:subfield code="0">(DE-588)118541579</marc:subfield>
            <marc:subfield code="0">http://d-nb.info/gnd/118541579</marc:subfield>
            <marc:subfield code="0">(DE-101)118541579</marc:subfield>
            <marc:subfield code="a">Grass, Günter</marc:subfield>
            <marc:subfield code="d">1927-2015</marc:subfield>
            <marc:subfield code="e">Verfasser</marc:subfield>
            <marc:subfield code="4">aut</marc:subfield>
            <marc:subfield code="1p">http://viaf.org/viaf/102319859</marc:subfield>
        </marc:datafield>
        <marc:datafield ind1="1" ind2="0" tag="243">
            <marc:subfield code="a">Sammlung</marc:subfield>
        </marc:datafield>
        <marc:datafield tag="240" ind1="1" ind2="0">
            <marc:subfield code="a">Fortsetzung folgt ...</marc:subfield>
            <marc:subfield code="1w">http://viaf.org/viaf/181989285</marc:subfield>
            <marc:subfield code="2">generated from 245</marc:subfield>
        </marc:datafield>
        <marc:datafield ind1="0" ind2="0" tag="245">
            <marc:subfield code="a">Fortsetzung folgt ...</marc:subfield>
            <marc:subfield code="b">[Rede anlässlich der Verleihung des Nobelpreises für
                Literatur]</marc:subfield>
        </marc:datafield>
        <marc:datafield ind1=" " ind2=" " tag="249">
            <marc:subfield code="a">Literatur und Geschichte : [Rede anlässlich der Verleihung des
                "Prinz-von-Asturien"-Preises]</marc:subfield>
            <marc:subfield code="b">Günter Grass</marc:subfield>
        </marc:datafield>
        <marc:datafield ind1=" " ind2="1" tag="264">
            <marc:subfield code="a">Göttingen</marc:subfield>
            <marc:subfield code="b">Steidl</marc:subfield>
            <marc:subfield code="c">1999</marc:subfield>
        </marc:datafield>
        <marc:datafield ind1=" " ind2=" " tag="300">
            <marc:subfield code="a">93 S.</marc:subfield>
            <marc:subfield code="c">18 cm</marc:subfield>
        </marc:datafield>
        <marc:datafield ind1=" " ind2=" " tag="336">
            <marc:subfield code="a">Text</marc:subfield>
            <marc:subfield code="b">txt</marc:subfield>
            <marc:subfield code="2">rdacontent</marc:subfield>
        </marc:datafield>
        <marc:datafield ind1=" " ind2=" " tag="337">
            <marc:subfield code="a">ohne Hilfsmittel zu benutzen</marc:subfield>
            <marc:subfield code="b">n</marc:subfield>
            <marc:subfield code="2">rdamedia</marc:subfield>
        </marc:datafield>
        <marc:datafield ind1=" " ind2=" " tag="338">
            <marc:subfield code="a">Band</marc:subfield>
            <marc:subfield code="b">nc</marc:subfield>
            <marc:subfield code="2">rdacarrier</marc:subfield>
        </marc:datafield>
        <marc:datafield ind1="1" ind2=" " tag="490">
            <marc:subfield code="a">Steidl-Taschenbuch</marc:subfield>
            <marc:subfield code="v">148</marc:subfield>
        </marc:datafield>
        <marc:datafield ind1=" " ind2="0" tag="830">
            <marc:subfield code="a">Steidl-Taschenbuch</marc:subfield>
            <marc:subfield code="v">148</marc:subfield>
            <marc:subfield code="w">(DE-101)018848966</marc:subfield>
            <marc:subfield code="w">(DE-600)1389651-9</marc:subfield>
            <marc:subfield code="9">3148</marc:subfield>
            <marc:subfield code="7">as</marc:subfield>
        </marc:datafield>
        <marc:datafield ind1=" " ind2=" " tag="850">
            <marc:subfield code="a">DE-101a</marc:subfield>
            <marc:subfield code="a">DE-101b</marc:subfield>
        </marc:datafield>
    </marc:record>