
    <marc:record type="Bibliographic" source="1999-DNB-Germany-Gunter-Grass.xml">
        <marc:leader>00000pam a2200000 c 4500</marc:leader>
        <marc:controlfield tag="001">105095016X</marc:controlfield>
        <marc:controlfield tag="003">DE-101</marc:controlfield>
        <marc:controlfield tag="005">20171203180843.0</marc:controlfield>
        <marc:controlfield tag="007">tu</marc:controlfield>
        <marc:controlfield tag="008">140512s2014    gw ||||| m||| 00||||ger  </marc:controlfield>
        <marc:datafield ind1=" " ind2=" " tag="015">
            <marc:subfield code="a">15,A43</marc:subfield>
            <marc:subfield code="a">15,H11</marc:subfield>
            <marc:subfield code="z">14,N21</marc:subfield>
            <marc:subfield code="2">dnb</marc:subfield>
        </marc:datafield>
        <marc:datafield ind1="7" ind2=" " tag="016">
            <marc:subfield code="2">DE-101</marc:subfield>
            <marc:subfield code="a">105095016X</marc:subfield>
        </marc:datafield>
        <marc:datafield ind1=" " ind2=" " tag="020">
            <marc:subfield code="a">9783830078722</marc:subfield>
            <marc:subfield code="c">kart. : EUR 85.80 (DE), EUR 88.30 (AT), sfr 115.00 (freier
                Pr.)</marc:subfield>
            <marc:subfield code="9">978-3-8300-7872-2</marc:subfield>
        </marc:datafield>
        <marc:datafield ind1=" " ind2=" " tag="020">
            <marc:subfield code="a">3830078722</marc:subfield>
            <marc:subfield code="9">3-8300-7872-2</marc:subfield>
        </marc:datafield>
        <marc:datafield ind1="3" ind2=" " tag="024">
            <marc:subfield code="a">9783830078722</marc:subfield>
        </marc:datafield>
        <marc:datafield ind1=" " ind2=" " tag="035">
            <marc:subfield code="a">(DE-599)DNB105095016X</marc:subfield>
        </marc:datafield>
        <marc:datafield ind1=" " ind2=" " tag="040">
            <marc:subfield code="a">1245</marc:subfield>
            <marc:subfield code="b">ger</marc:subfield>
            <marc:subfield code="c">DE-101</marc:subfield>
            <marc:subfield code="d">9999</marc:subfield>
        </marc:datafield>
        <marc:datafield ind1=" " ind2=" " tag="041">
            <marc:subfield code="a">ger</marc:subfield>
        </marc:datafield>
        <marc:datafield ind1=" " ind2=" " tag="044">
            <marc:subfield code="c">XA-DE-HH</marc:subfield>
        </marc:datafield>
        <marc:datafield ind1="0" ind2="4" tag="082">
            <marc:subfield code="8">1\u</marc:subfield>
            <marc:subfield code="a">833.00935843086</marc:subfield>
            <marc:subfield code="q">DE-101</marc:subfield>
            <marc:subfield code="2">22/ger</marc:subfield>
        </marc:datafield>
        <marc:datafield ind1="7" ind2=" " tag="083">
            <marc:subfield code="a">830</marc:subfield>
            <marc:subfield code="q">DE-101</marc:subfield>
            <marc:subfield code="2">23sdnb</marc:subfield>
        </marc:datafield>
        <marc:datafield ind1=" " ind2=" " tag="085">
            <marc:subfield code="8">1\u</marc:subfield>
            <marc:subfield code="b">833</marc:subfield>
        </marc:datafield>
        <marc:datafield ind1=" " ind2=" " tag="085">
            <marc:subfield code="8">1\u</marc:subfield>
            <marc:subfield code="s">943.086</marc:subfield>
        </marc:datafield>
        <marc:datafield ind1=" " ind2=" " tag="085">
            <marc:subfield code="8">1\u</marc:subfield>
            <marc:subfield code="z">3C</marc:subfield>
            <marc:subfield code="s">358</marc:subfield>
        </marc:datafield>
        <marc:datafield ind1=" " ind2=" " tag="090">
            <marc:subfield code="a">b</marc:subfield>
        </marc:datafield>
        <marc:datafield ind1="1" ind2=" " tag="100">
            <marc:subfield code="0">(DE-588)112931502</marc:subfield>
            <marc:subfield code="0">http://d-nb.info/gnd/112931502</marc:subfield>
            <marc:subfield code="0">(DE-101)112931502</marc:subfield>
            <marc:subfield code="a">Socha, Monika</marc:subfield>
            <marc:subfield code="e">Verfasser</marc:subfield>
            <marc:subfield code="4">aut</marc:subfield>
            <marc:subfield code="1p">sochamonika</marc:subfield>
        </marc:datafield>
        <marc:datafield ind1="0" ind2="0" tag="245">
            <marc:subfield code="a">Komisches Selbstverkennen</marc:subfield>
            <marc:subfield code="b">zur Darstellung von Nationalsozialisten in Heinrich Manns
                „Lidice“, Günter Grass’ „Die Blechtrommel“ und Edgar Hilsenraths „Der Nazi &amp;
                der Friseur“</marc:subfield>
            <marc:subfield code="c">Monika Socha</marc:subfield>
        </marc:datafield>
        <marc:datafield ind1=" " ind2="1" tag="264">
            <marc:subfield code="a">Hamburg</marc:subfield>
            <marc:subfield code="b">Kovač</marc:subfield>
            <marc:subfield code="c">2014</marc:subfield>
        </marc:datafield>
        <marc:datafield ind1=" " ind2=" " tag="300">
            <marc:subfield code="a">307 S.</marc:subfield>
            <marc:subfield code="c">21 cm, 388 g</marc:subfield>
        </marc:datafield>
        <marc:datafield ind1=" " ind2=" " tag="336">
            <marc:subfield code="a">Text</marc:subfield>
            <marc:subfield code="b">txt</marc:subfield>
            <marc:subfield code="2">rdacontent</marc:subfield>
        </marc:datafield>
        <marc:datafield ind1=" " ind2=" " tag="337">
            <marc:subfield code="a">ohne Hilfsmittel zu benutzen</marc:subfield>
            <marc:subfield code="b">n</marc:subfield>
            <marc:subfield code="2">rdamedia</marc:subfield>
        </marc:datafield>
        <marc:datafield ind1=" " ind2=" " tag="338">
            <marc:subfield code="a">Band</marc:subfield>
            <marc:subfield code="b">nc</marc:subfield>
            <marc:subfield code="2">rdacarrier</marc:subfield>
        </marc:datafield>
        <marc:datafield ind1="1" ind2=" " tag="490">
            <marc:subfield code="a">Schriftenreihe Poetica</marc:subfield>
            <marc:subfield code="v">Bd. 129</marc:subfield>
        </marc:datafield>
        <marc:datafield ind1=" " ind2=" " tag="502">
            <marc:subfield code="a">Zugl. überarb. Fassung von: Bielefeld, Univ., Diss.,
                2013</marc:subfield>
        </marc:datafield>
        <marc:datafield ind1="1" ind2="7" tag="600">
            <marc:subfield code="0">(DE-588)4426865-8</marc:subfield>
            <marc:subfield code="0">http://d-nb.info/gnd/4426865-8</marc:subfield>
            <marc:subfield code="0">(DE-101)948796235</marc:subfield>
            <marc:subfield code="a">Mann, Heinrich</marc:subfield>
            <marc:subfield code="d">1871-1950</marc:subfield>
            <marc:subfield code="t">Lidice</marc:subfield>
            <marc:subfield code="2">gnd</marc:subfield>
            <marc:subfield code="1p">mannheinrich</marc:subfield>
        </marc:datafield>
        <marc:datafield ind1="1" ind2="7" tag="600">
            <marc:subfield code="0">(DE-588)4099211-1</marc:subfield>
            <marc:subfield code="0">http://d-nb.info/gnd/4099211-1</marc:subfield>
            <marc:subfield code="0">(DE-101)04099211X</marc:subfield>
            <marc:subfield code="a">Grass, Günter</marc:subfield>
            <marc:subfield code="d">1927-2015</marc:subfield>
            <marc:subfield code="t">Die Blechtrommel</marc:subfield>
            <marc:subfield code="2">gnd</marc:subfield>
            <marc:subfield code="1p">http://viaf.org/viaf/102319859</marc:subfield>
            <marc:subfield code="1w">http://www.wikidata.org/entity/Q899334</marc:subfield>
        </marc:datafield>
        <marc:datafield ind1="1" ind2="7" tag="600">
            <marc:subfield code="0">(DE-588)4534411-5</marc:subfield>
            <marc:subfield code="0">http://d-nb.info/gnd/4534411-5</marc:subfield>
            <marc:subfield code="0">(DE-101)955959543</marc:subfield>
            <marc:subfield code="a">Hilsenrath, Edgar</marc:subfield>
            <marc:subfield code="d">1926-</marc:subfield>
            <marc:subfield code="t">Der Nazi &amp; der Friseur</marc:subfield>
            <marc:subfield code="2">gnd</marc:subfield>
            <marc:subfield code="1p">hilsenrathedgar</marc:subfield>
        </marc:datafield>
        <marc:datafield ind1=" " ind2=" " tag="653">
            <marc:subfield code="a">(Produktform)Paperback / softback</marc:subfield>
        </marc:datafield>
        <marc:datafield ind1=" " ind2=" " tag="653">
            <marc:subfield code="a">(Zielgruppe)Fachpublikum/ Wissenschaft</marc:subfield>
        </marc:datafield>
        <marc:datafield ind1=" " ind2=" " tag="653">
            <marc:subfield code="a">Nationalsozialismus</marc:subfield>
        </marc:datafield>
        <marc:datafield ind1=" " ind2=" " tag="653">
            <marc:subfield code="a">Komik</marc:subfield>
        </marc:datafield>
        <marc:datafield ind1=" " ind2=" " tag="653">
            <marc:subfield code="a">Lachen</marc:subfield>
        </marc:datafield>
        <marc:datafield ind1=" " ind2=" " tag="653">
            <marc:subfield code="a">Hitler</marc:subfield>
        </marc:datafield>
        <marc:datafield ind1=" " ind2=" " tag="653">
            <marc:subfield code="a">Günter Grass</marc:subfield>
        </marc:datafield>
        <marc:datafield ind1=" " ind2=" " tag="653">
            <marc:subfield code="a">Heinrich Mann</marc:subfield>
        </marc:datafield>
        <marc:datafield ind1=" " ind2=" " tag="653">
            <marc:subfield code="a">Edgar Hilsenrath</marc:subfield>
        </marc:datafield>
        <marc:datafield ind1=" " ind2=" " tag="653">
            <marc:subfield code="a">Holocaust</marc:subfield>
        </marc:datafield>
        <marc:datafield ind1=" " ind2=" " tag="653">
            <marc:subfield code="a">(VLB-WN)1563: Hardcover, Softcover / Deutsche
                Sprachwissenschaft, Deutschsprachige Literaturwissenschaft</marc:subfield>
        </marc:datafield>
        <marc:datafield ind1=" " ind2="0" tag="830">
            <marc:subfield code="a">Schriftenreihe Poetica</marc:subfield>
            <marc:subfield code="v">Bd. 129</marc:subfield>
            <marc:subfield code="w">(DE-101)019322496</marc:subfield>
            <marc:subfield code="w">(DE-600)1438258-1</marc:subfield>
            <marc:subfield code="9">3129</marc:subfield>
            <marc:subfield code="7">as</marc:subfield>
        </marc:datafield>
        <marc:datafield ind1=" " ind2=" " tag="850">
            <marc:subfield code="a">DE-101a</marc:subfield>
            <marc:subfield code="a">DE-101b</marc:subfield>
        </marc:datafield>
        <marc:datafield ind1="4" ind2="2" tag="856">
            <marc:subfield code="m">B:DE-101</marc:subfield>
            <marc:subfield code="q">application/pdf</marc:subfield>
            <marc:subfield code="u">http://d-nb.info/105095016X/04</marc:subfield>
            <marc:subfield code="3">Inhaltsverzeichnis</marc:subfield>
        </marc:datafield>
        <marc:datafield ind1="4" ind2="2" tag="856">
            <marc:subfield code="m">X:MVB</marc:subfield>
            <marc:subfield code="q">text/html</marc:subfield>
            <marc:subfield code="u">http://www.verlagdrkovac.de/978-3-8300-7872-2.htm</marc:subfield>
            <marc:subfield code="3">Ausführliche Beschreibung</marc:subfield>
        </marc:datafield>
    </marc:record>