
    <marc:record type="Bibliographic" source="1999-DNB-Germany-Gunter-Grass.xml">
        <marc:leader>00000nam a2200000 c 4500</marc:leader>
        <marc:controlfield tag="001">1029803765</marc:controlfield>
        <marc:controlfield tag="003">DE-101</marc:controlfield>
        <marc:controlfield tag="005">20171203065030.0</marc:controlfield>
        <marc:controlfield tag="007">tu</marc:controlfield>
        <marc:controlfield tag="008">130116s1985    fi ||||| |||| 00||||ger  </marc:controlfield>
        <marc:datafield ind1=" " ind2=" " tag="015">
            <marc:subfield code="a">08,L01</marc:subfield>
            <marc:subfield code="2">dnb</marc:subfield>
        </marc:datafield>
        <marc:datafield ind1="7" ind2=" " tag="016">
            <marc:subfield code="2">DE-101</marc:subfield>
            <marc:subfield code="a">1029803765</marc:subfield>
        </marc:datafield>
        <marc:datafield ind1=" " ind2=" " tag="020">
            <marc:subfield code="c">FmK 152.00</marc:subfield>
        </marc:datafield>
        <marc:datafield ind1=" " ind2=" " tag="035">
            <marc:subfield code="a">(DE-599)DNB1029803765</marc:subfield>
        </marc:datafield>
        <marc:datafield ind1=" " ind2=" " tag="040">
            <marc:subfield code="a">1240</marc:subfield>
            <marc:subfield code="b">ger</marc:subfield>
            <marc:subfield code="c">DE-101</marc:subfield>
            <marc:subfield code="d">9999</marc:subfield>
        </marc:datafield>
        <marc:datafield ind1=" " ind2=" " tag="041">
            <marc:subfield code="a">ger</marc:subfield>
        </marc:datafield>
        <marc:datafield ind1=" " ind2=" " tag="044">
            <marc:subfield code="c">XA-FI</marc:subfield>
        </marc:datafield>
        <marc:datafield ind1="1" ind2=" " tag="100">
            <marc:subfield code="0">(DE-588)118541579</marc:subfield>
            <marc:subfield code="0">http://d-nb.info/gnd/118541579</marc:subfield>
            <marc:subfield code="0">(DE-101)118541579</marc:subfield>
            <marc:subfield code="a">Grass, Günter</marc:subfield>
            <marc:subfield code="d">1927-2015</marc:subfield>
            <marc:subfield code="e">Verfasser</marc:subfield>
            <marc:subfield code="4">aut</marc:subfield>
            <marc:subfield code="1p">http://viaf.org/viaf/102319859</marc:subfield>
        </marc:datafield>
        <marc:datafield ind1="0" ind2="0" tag="245">
            <marc:subfield code="a">Koiranvuosia</marc:subfield>
            <marc:subfield code="b">romaani</marc:subfield>
            <marc:subfield code="c">Günter Grass. Suom. Oili Suominen</marc:subfield>
        </marc:datafield>
        <marc:datafield ind1=" " ind2="1" tag="264">
            <marc:subfield code="a">Helsinki</marc:subfield>
            <marc:subfield code="b">Tammi</marc:subfield>
            <marc:subfield code="c">1985</marc:subfield>
        </marc:datafield>
        <marc:datafield ind1=" " ind2=" " tag="300">
            <marc:subfield code="a">595, [1] S.</marc:subfield>
            <marc:subfield code="c">21 cm</marc:subfield>
        </marc:datafield>
        <marc:datafield ind1=" " ind2=" " tag="336">
            <marc:subfield code="a">Text</marc:subfield>
            <marc:subfield code="b">txt</marc:subfield>
            <marc:subfield code="2">rdacontent</marc:subfield>
        </marc:datafield>
        <marc:datafield ind1=" " ind2=" " tag="337">
            <marc:subfield code="a">ohne Hilfsmittel zu benutzen</marc:subfield>
            <marc:subfield code="b">n</marc:subfield>
            <marc:subfield code="2">rdamedia</marc:subfield>
        </marc:datafield>
        <marc:datafield ind1=" " ind2=" " tag="338">
            <marc:subfield code="a">Blatt</marc:subfield>
            <marc:subfield code="b">nb</marc:subfield>
            <marc:subfield code="2">rdacarrier</marc:subfield>
        </marc:datafield>
        <marc:datafield ind1="1" ind2=" " tag="490">
            <marc:subfield code="a">Keltainen kirjasto</marc:subfield>
            <marc:subfield code="v">196</marc:subfield>
        </marc:datafield>
        <marc:datafield ind1="1" ind2=" " tag="700">
            <marc:subfield code="0">(DE-588)114987912</marc:subfield>
            <marc:subfield code="0">http://d-nb.info/gnd/114987912</marc:subfield>
            <marc:subfield code="0">(DE-101)114987912</marc:subfield>
            <marc:subfield code="a">Suominen, Oili</marc:subfield>
            <marc:subfield code="e">Übersetzer</marc:subfield>
            <marc:subfield code="4">trl</marc:subfield>
            <marc:subfield code="1p">suominenoili</marc:subfield>
        </marc:datafield>
        <marc:datafield ind1="1" ind2="2" tag="700">
            <marc:subfield code="a">Grass, Günter</marc:subfield>
            <marc:subfield code="d">1927-2015</marc:subfield>
            <marc:subfield code="t">Hundejahre</marc:subfield>
            <marc:subfield code="g">finn.</marc:subfield>
            <marc:subfield code="1p">http://viaf.org/viaf/102319859</marc:subfield>
            <marc:subfield code="1w">http://www.wikidata.org/entity/Q499564</marc:subfield>
        </marc:datafield>
        <marc:datafield ind1=" " ind2="0" tag="830">
            <marc:subfield code="a">Keltainen kirjasto</marc:subfield>
            <marc:subfield code="v">196</marc:subfield>
            <marc:subfield code="9">3196</marc:subfield>
        </marc:datafield>
        <marc:datafield ind1=" " ind2=" " tag="850">
            <marc:subfield code="a">DE-101b</marc:subfield>
        </marc:datafield>
    </marc:record>