
    <marc:record type="Bibliographic" source="1999-DNB-Germany-Gunter-Grass.xml">
        <marc:leader>00000pam a2200000 c 4500</marc:leader>
        <marc:controlfield tag="001">1081310650</marc:controlfield>
        <marc:controlfield tag="003">DE-101</marc:controlfield>
        <marc:controlfield tag="005">20171202160409.0</marc:controlfield>
        <marc:controlfield tag="007">tu</marc:controlfield>
        <marc:controlfield tag="008">160118s2016    gw ||||| m||| 00||||ger  </marc:controlfield>
        <marc:datafield ind1=" " ind2=" " tag="015">
            <marc:subfield code="a">16,A39</marc:subfield>
            <marc:subfield code="a">16,H10</marc:subfield>
            <marc:subfield code="z">16,N04</marc:subfield>
            <marc:subfield code="2">dnb</marc:subfield>
        </marc:datafield>
        <marc:datafield ind1="7" ind2=" " tag="016">
            <marc:subfield code="2">DE-101</marc:subfield>
            <marc:subfield code="a">1081310650</marc:subfield>
        </marc:datafield>
        <marc:datafield ind1=" " ind2=" " tag="020">
            <marc:subfield code="a">9783110473049</marc:subfield>
            <marc:subfield code="c">Festeinband : EUR 92.50 (AT), EUR 89.95 (DE), GBP 67.99 (GB)
                (freier Preis)</marc:subfield>
            <marc:subfield code="9">978-3-11-047304-9</marc:subfield>
        </marc:datafield>
        <marc:datafield ind1=" " ind2=" " tag="020">
            <marc:subfield code="a">3110473046</marc:subfield>
            <marc:subfield code="9">3-11-047304-6</marc:subfield>
        </marc:datafield>
        <marc:datafield ind1="3" ind2=" " tag="024">
            <marc:subfield code="a">9783110473049</marc:subfield>
        </marc:datafield>
        <marc:datafield ind1=" " ind2=" " tag="035">
            <marc:subfield code="a">(DE-599)DNB1081310650</marc:subfield>
        </marc:datafield>
        <marc:datafield ind1=" " ind2=" " tag="035">
            <marc:subfield code="a">(OCoLC)936193611</marc:subfield>
        </marc:datafield>
        <marc:datafield ind1=" " ind2=" " tag="040">
            <marc:subfield code="a">1145</marc:subfield>
            <marc:subfield code="b">ger</marc:subfield>
            <marc:subfield code="c">DE-101</marc:subfield>
            <marc:subfield code="d">9999</marc:subfield>
            <marc:subfield code="e">rda</marc:subfield>
        </marc:datafield>
        <marc:datafield ind1=" " ind2=" " tag="041">
            <marc:subfield code="a">ger</marc:subfield>
        </marc:datafield>
        <marc:datafield ind1=" " ind2=" " tag="044">
            <marc:subfield code="c">XA-DE-BE</marc:subfield>
        </marc:datafield>
        <marc:datafield ind1="0" ind2="4" tag="082">
            <marc:subfield code="8">1\u</marc:subfield>
            <marc:subfield code="a">833.9140935843086</marc:subfield>
            <marc:subfield code="q">DE-101</marc:subfield>
            <marc:subfield code="2">22/ger</marc:subfield>
        </marc:datafield>
        <marc:datafield ind1="7" ind2=" " tag="083">
            <marc:subfield code="a">830</marc:subfield>
            <marc:subfield code="q">DE-101</marc:subfield>
            <marc:subfield code="2">23sdnb</marc:subfield>
        </marc:datafield>
        <marc:datafield ind1=" " ind2=" " tag="085">
            <marc:subfield code="8">1\u</marc:subfield>
            <marc:subfield code="b">833</marc:subfield>
        </marc:datafield>
        <marc:datafield ind1=" " ind2=" " tag="085">
            <marc:subfield code="8">1\u</marc:subfield>
            <marc:subfield code="s">943.086</marc:subfield>
        </marc:datafield>
        <marc:datafield ind1=" " ind2=" " tag="085">
            <marc:subfield code="8">1\u</marc:subfield>
            <marc:subfield code="z">3C</marc:subfield>
            <marc:subfield code="s">358</marc:subfield>
        </marc:datafield>
        <marc:datafield ind1=" " ind2=" " tag="090">
            <marc:subfield code="a">b</marc:subfield>
        </marc:datafield>
        <marc:datafield ind1="1" ind2=" " tag="100">
            <marc:subfield code="0">(DE-588)1110984030</marc:subfield>
            <marc:subfield code="0">http://d-nb.info/gnd/1110984030</marc:subfield>
            <marc:subfield code="0">(DE-101)1110984030</marc:subfield>
            <marc:subfield code="a">Kliche-Behnke, Dorothea</marc:subfield>
            <marc:subfield code="d">1981-</marc:subfield>
            <marc:subfield code="e">Verfasser</marc:subfield>
            <marc:subfield code="4">aut</marc:subfield>
            <marc:subfield code="1p">klichebehnkedorothea</marc:subfield>
        </marc:datafield>
        <marc:datafield ind1="0" ind2="0" tag="245">
            <marc:subfield code="a">Nationalsozialismus und Shoah im autobiographischen
                Roman</marc:subfield>
            <marc:subfield code="b">Poetologie des Erinnerns bei Ruth Klüger, Martin Walser, Georg
                Heller und Günter Grass</marc:subfield>
            <marc:subfield code="c">Dorothea Kliche-Behnke</marc:subfield>
        </marc:datafield>
        <marc:datafield ind1=" " ind2="1" tag="264">
            <marc:subfield code="a">Berlin</marc:subfield>
            <marc:subfield code="b">De Gruyter</marc:subfield>
            <marc:subfield code="c">[2016]</marc:subfield>
        </marc:datafield>
        <marc:datafield ind1=" " ind2=" " tag="300">
            <marc:subfield code="a">VIII, 217 Seiten</marc:subfield>
            <marc:subfield code="c">24 cm</marc:subfield>
        </marc:datafield>
        <marc:datafield ind1=" " ind2=" " tag="336">
            <marc:subfield code="a">Text</marc:subfield>
            <marc:subfield code="b">txt</marc:subfield>
            <marc:subfield code="2">rdacontent</marc:subfield>
        </marc:datafield>
        <marc:datafield ind1=" " ind2=" " tag="337">
            <marc:subfield code="a">ohne Hilfsmittel zu benutzen</marc:subfield>
            <marc:subfield code="b">n</marc:subfield>
            <marc:subfield code="2">rdamedia</marc:subfield>
        </marc:datafield>
        <marc:datafield ind1=" " ind2=" " tag="338">
            <marc:subfield code="a">Band</marc:subfield>
            <marc:subfield code="b">nc</marc:subfield>
            <marc:subfield code="2">rdacarrier</marc:subfield>
        </marc:datafield>
        <marc:datafield ind1="1" ind2=" " tag="490">
            <marc:subfield code="a">Studien zur deutschen Literatur</marc:subfield>
            <marc:subfield code="v">Band 212</marc:subfield>
        </marc:datafield>
        <marc:datafield ind1=" " ind2=" " tag="502">
            <marc:subfield code="b">Dissertation</marc:subfield>
            <marc:subfield code="c">Universität Tübingen</marc:subfield>
            <marc:subfield code="d">2015</marc:subfield>
        </marc:datafield>
        <marc:datafield ind1="1" ind2="7" tag="600">
            <marc:subfield code="0">(DE-588)4423960-9</marc:subfield>
            <marc:subfield code="0">http://d-nb.info/gnd/4423960-9</marc:subfield>
            <marc:subfield code="0">(DE-101)948586915</marc:subfield>
            <marc:subfield code="a">Klüger, Ruth</marc:subfield>
            <marc:subfield code="d">1931-</marc:subfield>
            <marc:subfield code="t">Weiter leben</marc:subfield>
            <marc:subfield code="2">gnd</marc:subfield>
            <marc:subfield code="1p">klugerruth</marc:subfield>
        </marc:datafield>
        <marc:datafield ind1="1" ind2="7" tag="600">
            <marc:subfield code="0">(DE-588)4565523-6</marc:subfield>
            <marc:subfield code="0">http://d-nb.info/gnd/4565523-6</marc:subfield>
            <marc:subfield code="0">(DE-101)957716508</marc:subfield>
            <marc:subfield code="a">Walser, Martin</marc:subfield>
            <marc:subfield code="d">1927-</marc:subfield>
            <marc:subfield code="t">Ein springender Brunnen</marc:subfield>
            <marc:subfield code="2">gnd</marc:subfield>
            <marc:subfield code="1p">walsermartin</marc:subfield>
        </marc:datafield>
        <marc:datafield ind1="1" ind2="7" tag="600">
            <marc:subfield code="0">(DE-588)111163968X</marc:subfield>
            <marc:subfield code="0">http://d-nb.info/gnd/111163968X</marc:subfield>
            <marc:subfield code="0">(DE-101)111163968X</marc:subfield>
            <marc:subfield code="a">Heller, Georg</marc:subfield>
            <marc:subfield code="d">1929-2006</marc:subfield>
            <marc:subfield code="t">Das Kind, das er war</marc:subfield>
            <marc:subfield code="2">gnd</marc:subfield>
            <marc:subfield code="1p">hellergeorg</marc:subfield>
        </marc:datafield>
        <marc:datafield ind1="1" ind2="7" tag="600">
            <marc:subfield code="0">(DE-588)7548153-4</marc:subfield>
            <marc:subfield code="0">http://d-nb.info/gnd/7548153-4</marc:subfield>
            <marc:subfield code="0">(DE-101)981761658</marc:subfield>
            <marc:subfield code="a">Grass, Günter</marc:subfield>
            <marc:subfield code="d">1927-2015</marc:subfield>
            <marc:subfield code="t">Beim Häuten der Zwiebel</marc:subfield>
            <marc:subfield code="2">gnd</marc:subfield>
            <marc:subfield code="1p">http://viaf.org/viaf/102319859</marc:subfield>
            <marc:subfield code="1w">http://www.wikidata.org/entity/Q814761</marc:subfield>
        </marc:datafield>
        <marc:datafield ind1=" " ind2=" " tag="653">
            <marc:subfield code="a">(Produktform)Hardback</marc:subfield>
        </marc:datafield>
        <marc:datafield ind1=" " ind2=" " tag="653">
            <marc:subfield code="a">(Zielgruppe)Fachpublikum/ Wissenschaft</marc:subfield>
        </marc:datafield>
        <marc:datafield ind1=" " ind2=" " tag="653">
            <marc:subfield code="a">(Produktrabattgruppe)PR:
                rabattbeschränkt/Bibliothekswerke</marc:subfield>
        </marc:datafield>
        <marc:datafield ind1=" " ind2=" " tag="653">
            <marc:subfield code="a">(VLB-WN)1563: Hardcover, Softcover / Sprachwissenschaft,
                Literaturwissenschaft/Deutsche Sprachwissenschaft, Deutschsprachige
                Literaturwissenschaft</marc:subfield>
        </marc:datafield>
        <marc:datafield ind1="2" ind2=" " tag="710">
            <marc:subfield code="0">(DE-588)10095502-2</marc:subfield>
            <marc:subfield code="0">http://d-nb.info/gnd/10095502-2</marc:subfield>
            <marc:subfield code="0">(DE-101)973837799</marc:subfield>
            <marc:subfield code="a">Walter de Gruyter GmbH &amp; Co. KG</marc:subfield>
            <marc:subfield code="e">Verlag</marc:subfield>
            <marc:subfield code="4">pbl</marc:subfield>
        </marc:datafield>
        <marc:datafield ind1="0" ind2="8" tag="776">
            <marc:subfield code="i">Erscheint auch als</marc:subfield>
            <marc:subfield code="n">Online-Ausgabe</marc:subfield>
            <marc:subfield code="a">Kliche-Behnke, Dorothea</marc:subfield>
            <marc:subfield code="t">Nationalsozialismus und Shoah im autobiographischen
                Roman</marc:subfield>
            <marc:subfield code="d">Berlin/Boston : De Gruyter, 2016</marc:subfield>
            <marc:subfield code="h">Online-Ressource</marc:subfield>
            <marc:subfield code="w">(DE-101)1112392629</marc:subfield>
        </marc:datafield>
        <marc:datafield ind1=" " ind2="0" tag="830">
            <marc:subfield code="a">Studien zur deutschen Literatur</marc:subfield>
            <marc:subfield code="v">Band 212</marc:subfield>
            <marc:subfield code="w">(DE-101)012820385</marc:subfield>
            <marc:subfield code="w">(DE-600)528358-9</marc:subfield>
            <marc:subfield code="9">3212</marc:subfield>
            <marc:subfield code="7">as</marc:subfield>
        </marc:datafield>
        <marc:datafield ind1=" " ind2=" " tag="850">
            <marc:subfield code="a">DE-101a</marc:subfield>
            <marc:subfield code="a">DE-101b</marc:subfield>
        </marc:datafield>
        <marc:datafield ind1="4" ind2="2" tag="856">
            <marc:subfield code="m">B:DE-101</marc:subfield>
            <marc:subfield code="q">application/pdf</marc:subfield>
            <marc:subfield code="u">http://d-nb.info/1081310650/04</marc:subfield>
            <marc:subfield code="3">Inhaltsverzeichnis</marc:subfield>
        </marc:datafield>
    </marc:record>