
    <marc:record type="Bibliographic" source="1999-DNB-Germany-Gunter-Grass.xml">
        <marc:leader>00000nam a2200000 c 4500</marc:leader>
        <marc:controlfield tag="001">951514881</marc:controlfield>
        <marc:controlfield tag="003">DE-101</marc:controlfield>
        <marc:controlfield tag="005">20171203030407.0</marc:controlfield>
        <marc:controlfield tag="007">tu</marc:controlfield>
        <marc:controlfield tag="008">970916s1997    gw ||||| |||| 00||||ger  </marc:controlfield>
        <marc:datafield ind1=" " ind2=" " tag="015">
            <marc:subfield code="a">97,A43,1094</marc:subfield>
            <marc:subfield code="2">dnb</marc:subfield>
        </marc:datafield>
        <marc:datafield ind1="7" ind2=" " tag="016">
            <marc:subfield code="2">DE-101</marc:subfield>
            <marc:subfield code="a">951514881</marc:subfield>
        </marc:datafield>
        <marc:datafield ind1=" " ind2=" " tag="020">
            <marc:subfield code="a">9783882434774</marc:subfield>
            <marc:subfield code="c">Gewebe : DM 78.00</marc:subfield>
            <marc:subfield code="9">978-3-88243-477-4</marc:subfield>
        </marc:datafield>
        <marc:datafield ind1=" " ind2=" " tag="020">
            <marc:subfield code="a">3882434775</marc:subfield>
            <marc:subfield code="c">Gewebe : DM 78.00</marc:subfield>
            <marc:subfield code="9">3-88243-477-5</marc:subfield>
        </marc:datafield>
        <marc:datafield ind1="8" ind2=" " tag="024">
            <marc:subfield code="a">sw109029</marc:subfield>
        </marc:datafield>
        <marc:datafield ind1=" " ind2=" " tag="035">
            <marc:subfield code="a">(DE-599)DNB951514881</marc:subfield>
        </marc:datafield>
        <marc:datafield ind1=" " ind2=" " tag="035">
            <marc:subfield code="a">(OCoLC)231704889</marc:subfield>
        </marc:datafield>
        <marc:datafield ind1=" " ind2=" " tag="040">
            <marc:subfield code="a">1240</marc:subfield>
            <marc:subfield code="b">ger</marc:subfield>
            <marc:subfield code="c">DE-101</marc:subfield>
            <marc:subfield code="d">9999</marc:subfield>
        </marc:datafield>
        <marc:datafield ind1=" " ind2=" " tag="041">
            <marc:subfield code="a">ger</marc:subfield>
        </marc:datafield>
        <marc:datafield ind1=" " ind2=" " tag="043">
            <marc:subfield code="c">XA-DE</marc:subfield>
        </marc:datafield>
        <marc:datafield ind1=" " ind2=" " tag="044">
            <marc:subfield code="c">XA-DE</marc:subfield>
        </marc:datafield>
        <marc:datafield ind1=" " ind2=" " tag="084">
            <marc:subfield code="a">46</marc:subfield>
            <marc:subfield code="a">59</marc:subfield>
            <marc:subfield code="a">700</marc:subfield>
            <marc:subfield code="a">730</marc:subfield>
            <marc:subfield code="a">740</marc:subfield>
            <marc:subfield code="a">750</marc:subfield>
            <marc:subfield code="a">760</marc:subfield>
            <marc:subfield code="q">DE-101</marc:subfield>
            <marc:subfield code="2">sdnb</marc:subfield>
        </marc:datafield>
        <marc:datafield ind1=" " ind2=" " tag="084">
            <marc:subfield code="a">13.4p</marc:subfield>
            <marc:subfield code="a">13.3</marc:subfield>
            <marc:subfield code="q">DE-101</marc:subfield>
            <marc:subfield code="2">sswd</marc:subfield>
        </marc:datafield>
        <marc:datafield ind1="1" ind2=" " tag="100">
            <marc:subfield code="0">(DE-588)118541579</marc:subfield>
            <marc:subfield code="0">http://d-nb.info/gnd/118541579</marc:subfield>
            <marc:subfield code="0">(DE-101)118541579</marc:subfield>
            <marc:subfield code="a">Grass, Günter</marc:subfield>
            <marc:subfield code="d">1927-2015</marc:subfield>
            <marc:subfield code="e">Verfasser</marc:subfield>
            <marc:subfield code="4">aut</marc:subfield>
            <marc:subfield code="1p">http://viaf.org/viaf/102319859</marc:subfield>
        </marc:datafield>
        <marc:datafield tag="240" ind1="1" ind2="0">
            <marc:subfield code="a">Fundsachen für Nichtleser</marc:subfield>
            <marc:subfield code="1w">http://viaf.org/viaf/1368145424621686831097</marc:subfield>
            <marc:subfield code="2">generated from 245</marc:subfield>
        </marc:datafield>
        <marc:datafield ind1="0" ind2="0" tag="245">
            <marc:subfield code="a">Fundsachen für Nichtleser</marc:subfield>
            <marc:subfield code="c">Günter Grass</marc:subfield>
        </marc:datafield>
        <marc:datafield ind1=" " ind2=" " tag="250">
            <marc:subfield code="a">1. Aufl.</marc:subfield>
        </marc:datafield>
        <marc:datafield ind1=" " ind2=" " tag="259">
            <marc:subfield code="a">11</marc:subfield>
        </marc:datafield>
        <marc:datafield ind1=" " ind2="1" tag="264">
            <marc:subfield code="a">Göttingen</marc:subfield>
            <marc:subfield code="b">Steidl</marc:subfield>
            <marc:subfield code="c">1997</marc:subfield>
        </marc:datafield>
        <marc:datafield ind1=" " ind2=" " tag="300">
            <marc:subfield code="a">239 S.</marc:subfield>
            <marc:subfield code="b">zahlr. Ill.</marc:subfield>
            <marc:subfield code="c">32 cm</marc:subfield>
        </marc:datafield>
        <marc:datafield ind1=" " ind2=" " tag="336">
            <marc:subfield code="a">Text</marc:subfield>
            <marc:subfield code="b">txt</marc:subfield>
            <marc:subfield code="2">rdacontent</marc:subfield>
        </marc:datafield>
        <marc:datafield ind1=" " ind2=" " tag="336">
            <marc:subfield code="a">unbewegtes Bild</marc:subfield>
            <marc:subfield code="b">sti</marc:subfield>
            <marc:subfield code="2">rdacontent</marc:subfield>
        </marc:datafield>
        <marc:datafield ind1=" " ind2=" " tag="337">
            <marc:subfield code="a">ohne Hilfsmittel zu benutzen</marc:subfield>
            <marc:subfield code="b">n</marc:subfield>
            <marc:subfield code="2">rdamedia</marc:subfield>
        </marc:datafield>
        <marc:datafield ind1=" " ind2=" " tag="338">
            <marc:subfield code="a">Band</marc:subfield>
            <marc:subfield code="b">nc</marc:subfield>
            <marc:subfield code="2">rdacarrier</marc:subfield>
        </marc:datafield>
        <marc:datafield ind1="1" ind2="7" tag="600">
            <marc:subfield code="0">(DE-588)118541579</marc:subfield>
            <marc:subfield code="0">http://d-nb.info/gnd/118541579</marc:subfield>
            <marc:subfield code="0">(DE-101)118541579</marc:subfield>
            <marc:subfield code="a">Grass, Günter</marc:subfield>
            <marc:subfield code="d">1927-2015</marc:subfield>
            <marc:subfield code="2">gnd</marc:subfield>
            <marc:subfield code="1p">http://viaf.org/viaf/102319859</marc:subfield>
        </marc:datafield>
        <marc:datafield ind1=" " ind2=" " tag="850">
            <marc:subfield code="a">DE-101a</marc:subfield>
            <marc:subfield code="a">DE-101b</marc:subfield>
        </marc:datafield>
        <marc:datafield ind1="4" ind2="2" tag="856">
            <marc:subfield code="m">V:DE-576</marc:subfield>
            <marc:subfield code="q">application/pdf</marc:subfield>
            <marc:subfield code="u">http://d-nb.info/951514881/04</marc:subfield>
            <marc:subfield code="3">Inhaltsverzeichnis</marc:subfield>
        </marc:datafield>
    </marc:record>