
    <marc:record type="Bibliographic" source="1999-DNB-Germany-Gunter-Grass.xml">
        <marc:leader>00000nam a2200000 cb4500</marc:leader>
        <marc:controlfield tag="001">980098114</marc:controlfield>
        <marc:controlfield tag="003">DE-101</marc:controlfield>
        <marc:controlfield tag="005">20171202000634.0</marc:controlfield>
        <marc:controlfield tag="007">tu</marc:controlfield>
        <marc:controlfield tag="008">060612s2006    gw ||||| |||| 00||||ger  </marc:controlfield>
        <marc:datafield ind1=" " ind2=" " tag="015">
            <marc:subfield code="a">06,A30,1682</marc:subfield>
            <marc:subfield code="2">dnb</marc:subfield>
        </marc:datafield>
        <marc:datafield ind1="7" ind2=" " tag="016">
            <marc:subfield code="2">DE-101</marc:subfield>
            <marc:subfield code="a">980098114</marc:subfield>
        </marc:datafield>
        <marc:datafield ind1=" " ind2=" " tag="020">
            <marc:subfield code="c">geh. (für Bezieher der Hauptzeitschr.
                kostenfrei)</marc:subfield>
        </marc:datafield>
        <marc:datafield ind1=" " ind2=" " tag="035">
            <marc:subfield code="a">(DE-599)DNB980098114</marc:subfield>
        </marc:datafield>
        <marc:datafield ind1=" " ind2=" " tag="035">
            <marc:subfield code="a">(OCoLC)181572942</marc:subfield>
        </marc:datafield>
        <marc:datafield ind1=" " ind2=" " tag="040">
            <marc:subfield code="a">1240</marc:subfield>
            <marc:subfield code="b">ger</marc:subfield>
            <marc:subfield code="c">DE-101</marc:subfield>
            <marc:subfield code="d">9999</marc:subfield>
        </marc:datafield>
        <marc:datafield ind1=" " ind2=" " tag="041">
            <marc:subfield code="a">ger</marc:subfield>
        </marc:datafield>
        <marc:datafield ind1=" " ind2=" " tag="044">
            <marc:subfield code="c">XA-DE</marc:subfield>
        </marc:datafield>
        <marc:datafield ind1="7" ind2="4" tag="082">
            <marc:subfield code="a">830</marc:subfield>
            <marc:subfield code="q">DE-101</marc:subfield>
            <marc:subfield code="2">22sdnb</marc:subfield>
        </marc:datafield>
        <marc:datafield ind1=" " ind2=" " tag="090">
            <marc:subfield code="a">b</marc:subfield>
        </marc:datafield>
        <marc:datafield ind1="0" ind2="0" tag="245">
            <marc:subfield code="a">Günter Grass, Die Blechtrommel</marc:subfield>
            <marc:subfield code="c">GetAbstract</marc:subfield>
        </marc:datafield>
        <marc:datafield ind1=" " ind2="1" tag="264">
            <marc:subfield code="a">München</marc:subfield>
            <marc:subfield code="b">Focus-Magazin-Verl.</marc:subfield>
            <marc:subfield code="c">[2006]</marc:subfield>
        </marc:datafield>
        <marc:datafield ind1=" " ind2=" " tag="300">
            <marc:subfield code="a">23 S.</marc:subfield>
            <marc:subfield code="c">15 cm</marc:subfield>
        </marc:datafield>
        <marc:datafield ind1=" " ind2=" " tag="336">
            <marc:subfield code="a">Text</marc:subfield>
            <marc:subfield code="b">txt</marc:subfield>
            <marc:subfield code="2">rdacontent</marc:subfield>
        </marc:datafield>
        <marc:datafield ind1=" " ind2=" " tag="337">
            <marc:subfield code="a">ohne Hilfsmittel zu benutzen</marc:subfield>
            <marc:subfield code="b">n</marc:subfield>
            <marc:subfield code="2">rdamedia</marc:subfield>
        </marc:datafield>
        <marc:datafield ind1=" " ind2=" " tag="338">
            <marc:subfield code="a">Band</marc:subfield>
            <marc:subfield code="b">nc</marc:subfield>
            <marc:subfield code="2">rdacarrier</marc:subfield>
        </marc:datafield>
        <marc:datafield ind1="1" ind2=" " tag="490">
            <marc:subfield code="a">Klassiker der Weltliteratur</marc:subfield>
            <marc:subfield code="v">[Teil 2]</marc:subfield>
        </marc:datafield>
        <marc:datafield ind1="1" ind2=" " tag="490">
            <marc:subfield code="a">Focus</marc:subfield>
            <marc:subfield code="v">[2006, Nr. 15], Sonderdr.</marc:subfield>
        </marc:datafield>
        <marc:datafield ind1="1" ind2="7" tag="600">
            <marc:subfield code="0">(DE-588)4099211-1</marc:subfield>
            <marc:subfield code="0">http://d-nb.info/gnd/4099211-1</marc:subfield>
            <marc:subfield code="0">(DE-101)04099211X</marc:subfield>
            <marc:subfield code="a">Grass, Günter</marc:subfield>
            <marc:subfield code="d">1927-2015</marc:subfield>
            <marc:subfield code="t">Die Blechtrommel</marc:subfield>
            <marc:subfield code="2">gnd</marc:subfield>
            <marc:subfield code="1p">http://viaf.org/viaf/102319859</marc:subfield>
            <marc:subfield code="1w">http://www.wikidata.org/entity/Q899334</marc:subfield>
        </marc:datafield>
        <marc:datafield ind1=" " ind2=" " tag="653">
            <marc:subfield code="a">(BISAC Subject Heading)LIT004170</marc:subfield>
        </marc:datafield>
        <marc:datafield ind1=" " ind2=" " tag="653">
            <marc:subfield code="a">guenter;grass;blechtrommel;kontingenz;strukturprinzip;ausgewaehlte;romane</marc:subfield>
        </marc:datafield>
        <marc:datafield ind1="0" ind2="8" tag="776">
            <marc:subfield code="i">Online-Ausg.</marc:subfield>
            <marc:subfield code="a">Bender, Simone</marc:subfield>
            <marc:subfield code="t">Günter Grass 'Die Blechtrommel' - Kontingenz als
                Strukturprinzip</marc:subfield>
            <marc:subfield code="d">München : GRIN Verlag GmbH, 2008</marc:subfield>
            <marc:subfield code="h">Online-Ressource</marc:subfield>
            <marc:subfield code="w">(DE-101)1065888082</marc:subfield>
        </marc:datafield>
        <marc:datafield ind1=" " ind2="0" tag="830">
            <marc:subfield code="a">Klassiker der Weltliteratur</marc:subfield>
            <marc:subfield code="v">[Teil 2]</marc:subfield>
            <marc:subfield code="w">(DE-101)97994967X</marc:subfield>
            <marc:subfield code="9">12</marc:subfield>
            <marc:subfield code="7">am</marc:subfield>
        </marc:datafield>
        <marc:datafield ind1=" " ind2="0" tag="830">
            <marc:subfield code="a">Focus &lt;München&gt;</marc:subfield>
            <marc:subfield code="t">Focus</marc:subfield>
            <marc:subfield code="v">[2006, Nr. 15], Sonderdr.</marc:subfield>
            <marc:subfield code="w">(DE-101)016680685</marc:subfield>
            <marc:subfield code="w">(DE-600)1139219-8</marc:subfield>
            <marc:subfield code="9">42006 215 49999so</marc:subfield>
            <marc:subfield code="7">as</marc:subfield>
        </marc:datafield>
        <marc:datafield ind1=" " ind2=" " tag="850">
            <marc:subfield code="a">DE-101a</marc:subfield>
            <marc:subfield code="a">DE-101b</marc:subfield>
        </marc:datafield>
    </marc:record>