
    <marc:record type="Bibliographic" source="1999-DNB-Germany-Gunter-Grass.xml">
        <marc:leader>00000nam a2200000 c 4500</marc:leader>
        <marc:controlfield tag="001">750213337</marc:controlfield>
        <marc:controlfield tag="003">DE-101</marc:controlfield>
        <marc:controlfield tag="005">20171202002155.0</marc:controlfield>
        <marc:controlfield tag="007">tu</marc:controlfield>
        <marc:controlfield tag="008">930101s1975    gw ||||| |||| 00||||ger  </marc:controlfield>
        <marc:datafield ind1=" " ind2=" " tag="015">
            <marc:subfield code="a">75,A21,0243</marc:subfield>
            <marc:subfield code="2">dnb</marc:subfield>
        </marc:datafield>
        <marc:datafield ind1="7" ind2=" " tag="016">
            <marc:subfield code="2">DE-101</marc:subfield>
            <marc:subfield code="a">750213337</marc:subfield>
        </marc:datafield>
        <marc:datafield ind1=" " ind2=" " tag="020">
            <marc:subfield code="a">9783436009014</marc:subfield>
            <marc:subfield code="c">kart. : DM 3.80</marc:subfield>
            <marc:subfield code="9">978-3-436-00901-4</marc:subfield>
        </marc:datafield>
        <marc:datafield ind1=" " ind2=" " tag="020">
            <marc:subfield code="a">3436009016</marc:subfield>
            <marc:subfield code="c">kart. : DM 3.80</marc:subfield>
            <marc:subfield code="9">3-436-00901-6</marc:subfield>
        </marc:datafield>
        <marc:datafield ind1=" " ind2=" " tag="035">
            <marc:subfield code="a">(DE-599)DNB750213337</marc:subfield>
        </marc:datafield>
        <marc:datafield ind1=" " ind2=" " tag="035">
            <marc:subfield code="a">(OCoLC)721319392</marc:subfield>
        </marc:datafield>
        <marc:datafield ind1=" " ind2=" " tag="040">
            <marc:subfield code="a">1200</marc:subfield>
            <marc:subfield code="b">ger</marc:subfield>
            <marc:subfield code="c">DE-101</marc:subfield>
            <marc:subfield code="d">9999</marc:subfield>
        </marc:datafield>
        <marc:datafield ind1=" " ind2=" " tag="041">
            <marc:subfield code="a">ger</marc:subfield>
        </marc:datafield>
        <marc:datafield ind1=" " ind2=" " tag="044">
            <marc:subfield code="c">XA-DE</marc:subfield>
        </marc:datafield>
        <marc:datafield ind1=" " ind2=" " tag="084">
            <marc:subfield code="a">08a</marc:subfield>
            <marc:subfield code="a">810</marc:subfield>
            <marc:subfield code="a">820</marc:subfield>
            <marc:subfield code="a">830</marc:subfield>
            <marc:subfield code="a">839</marc:subfield>
            <marc:subfield code="a">840</marc:subfield>
            <marc:subfield code="a">850</marc:subfield>
            <marc:subfield code="a">860</marc:subfield>
            <marc:subfield code="a">870</marc:subfield>
            <marc:subfield code="a">880</marc:subfield>
            <marc:subfield code="a">890</marc:subfield>
            <marc:subfield code="a">B</marc:subfield>
            <marc:subfield code="q">DE-101</marc:subfield>
            <marc:subfield code="2">sdnb</marc:subfield>
        </marc:datafield>
        <marc:datafield ind1="1" ind2=" " tag="100">
            <marc:subfield code="0">(DE-588)118541579</marc:subfield>
            <marc:subfield code="0">http://d-nb.info/gnd/118541579</marc:subfield>
            <marc:subfield code="0">(DE-101)118541579</marc:subfield>
            <marc:subfield code="a">Grass, Günter</marc:subfield>
            <marc:subfield code="d">1927-2015</marc:subfield>
            <marc:subfield code="e">Verfasser</marc:subfield>
            <marc:subfield code="4">aut</marc:subfield>
            <marc:subfield code="1p">http://viaf.org/viaf/102319859</marc:subfield>
        </marc:datafield>
        <marc:datafield ind1="1" ind2="0" tag="243">
            <marc:subfield code="a">Sammlung</marc:subfield>
        </marc:datafield>
        <marc:datafield tag="240" ind1="1" ind2="0">
            <marc:subfield code="a">Die Plebejer proben den
                    Aufstand</marc:subfield>
            <marc:subfield code="1w">http://oslomet.workid.no/gg/06</marc:subfield>
            <marc:subfield code="2">generated from 245</marc:subfield>
        </marc:datafield>
        <marc:datafield ind1="0" ind2="0" tag="245">
            <marc:subfield code="a">Die Plebejer proben den Aufstand</marc:subfield>
            <marc:subfield code="b">ein dt. Trauerspiel.</marc:subfield>
        </marc:datafield>
        <marc:datafield ind1=" " ind2=" " tag="249">
            <marc:subfield code="a">Vor- und Nachgeschichte der Tragödie des Coriolanus von Livius
                und Plutarch über Shakespeare bis zu Brecht und mir : Rede, gehalten am 24. April
                1964 vor d. Akad. d. Künste in Berlin / Günter Grass.</marc:subfield>
        </marc:datafield>
        <marc:datafield ind1=" " ind2=" " tag="250">
            <marc:subfield code="a">Ungekürzte Ausg., 88. - 92. Tsd.</marc:subfield>
        </marc:datafield>
        <marc:datafield ind1=" " ind2=" " tag="259">
            <marc:subfield code="a">288</marc:subfield>
        </marc:datafield>
        <marc:datafield ind1=" " ind2="1" tag="264">
            <marc:subfield code="a">Frankfurt (am Main)</marc:subfield>
            <marc:subfield code="b">Fischer-Taschenbuch-Verlag</marc:subfield>
            <marc:subfield code="c">1975</marc:subfield>
        </marc:datafield>
        <marc:datafield ind1=" " ind2=" " tag="300">
            <marc:subfield code="a">124 S.;</marc:subfield>
            <marc:subfield code="c">18 cm</marc:subfield>
        </marc:datafield>
        <marc:datafield ind1=" " ind2=" " tag="336">
            <marc:subfield code="a">Text</marc:subfield>
            <marc:subfield code="b">txt</marc:subfield>
            <marc:subfield code="2">rdacontent</marc:subfield>
        </marc:datafield>
        <marc:datafield ind1=" " ind2=" " tag="337">
            <marc:subfield code="a">ohne Hilfsmittel zu benutzen</marc:subfield>
            <marc:subfield code="b">n</marc:subfield>
            <marc:subfield code="2">rdamedia</marc:subfield>
        </marc:datafield>
        <marc:datafield ind1=" " ind2=" " tag="338">
            <marc:subfield code="a">Band</marc:subfield>
            <marc:subfield code="b">nc</marc:subfield>
            <marc:subfield code="2">rdacarrier</marc:subfield>
        </marc:datafield>
        <marc:datafield ind1="1" ind2=" " tag="490">
            <marc:subfield code="a">Fischer-Taschenbücher</marc:subfield>
            <marc:subfield code="v">7011</marc:subfield>
        </marc:datafield>
        <marc:datafield ind1=" " ind2=" " tag="500">
            <marc:subfield code="a">Lizenz d. Luchterhand Verl., Berlin, Neuwied.</marc:subfield>
        </marc:datafield>
        <marc:datafield ind1=" " ind2="0" tag="830">
            <marc:subfield code="a">Fischer-Taschenbücher</marc:subfield>
            <marc:subfield code="v">7011</marc:subfield>
            <marc:subfield code="9">47011</marc:subfield>
        </marc:datafield>
        <marc:datafield ind1=" " ind2=" " tag="850">
            <marc:subfield code="a">DE-101b</marc:subfield>
        </marc:datafield>
    </marc:record>