
    <marc:record type="Bibliographic" source="1999-DNB-Germany-Gunter-Grass.xml">
        <marc:leader>00000nam a2200000 c 4500</marc:leader>
        <marc:controlfield tag="001">1059379961</marc:controlfield>
        <marc:controlfield tag="003">DE-101</marc:controlfield>
        <marc:controlfield tag="005">20171202023040.0</marc:controlfield>
        <marc:controlfield tag="007">tu</marc:controlfield>
        <marc:controlfield tag="008">141013s2005    gw ||||| |||| 10||||ger  </marc:controlfield>
        <marc:datafield ind1="7" ind2=" " tag="016">
            <marc:subfield code="2">DE-101</marc:subfield>
            <marc:subfield code="a">1059379961</marc:subfield>
        </marc:datafield>
        <marc:datafield ind1=" " ind2=" " tag="020">
            <marc:subfield code="c">kart.</marc:subfield>
        </marc:datafield>
        <marc:datafield ind1="8" ind2=" " tag="024">
            <marc:subfield code="a">sw029669</marc:subfield>
        </marc:datafield>
        <marc:datafield ind1=" " ind2=" " tag="035">
            <marc:subfield code="a">(DE-599)DNB1059379961</marc:subfield>
        </marc:datafield>
        <marc:datafield ind1=" " ind2=" " tag="040">
            <marc:subfield code="a">1239</marc:subfield>
            <marc:subfield code="b">ger</marc:subfield>
            <marc:subfield code="c">DE-101</marc:subfield>
            <marc:subfield code="d">9999</marc:subfield>
        </marc:datafield>
        <marc:datafield ind1=" " ind2=" " tag="041">
            <marc:subfield code="a">ger</marc:subfield>
        </marc:datafield>
        <marc:datafield ind1=" " ind2=" " tag="044">
            <marc:subfield code="c">XA-DE-SH</marc:subfield>
        </marc:datafield>
        <marc:datafield ind1="7" ind2="4" tag="082">
            <marc:subfield code="a">760</marc:subfield>
            <marc:subfield code="q">DE-101</marc:subfield>
            <marc:subfield code="2">23sdnb</marc:subfield>
        </marc:datafield>
        <marc:datafield ind1=" " ind2=" " tag="090">
            <marc:subfield code="a">b</marc:subfield>
        </marc:datafield>
        <marc:datafield ind1="0" ind2="0" tag="245">
            <marc:subfield code="a">Hubertus Giebe - Grafiken zu dem Roman "Die Blechtrommel" von
                Günter Grass</marc:subfield>
            <marc:subfield code="b">Günter-Grass-Haus, Forum für Literatur und Bildende Kunst,
                Lübeck 9. April bis 26. Juni 2005 ; [aus Anlaß der Ausstelllung "Hubertus Giebe,
                Grafiken zur "Blechtrommel" von Günter Grass"]</marc:subfield>
            <marc:subfield code="c">[Hrsg. Kai Artinger und Hubertus Giebe]</marc:subfield>
        </marc:datafield>
        <marc:datafield ind1="3" ind2=" " tag="246">
            <marc:subfield code="a">Grafiken zu dem Roman "Die Blechtrommel" von Günter
                Grass</marc:subfield>
        </marc:datafield>
        <marc:datafield ind1=" " ind2="1" tag="264">
            <marc:subfield code="a">Lübeck</marc:subfield>
            <marc:subfield code="b">Günter-Grass-Haus</marc:subfield>
            <marc:subfield code="c">2005</marc:subfield>
        </marc:datafield>
        <marc:datafield ind1=" " ind2=" " tag="300">
            <marc:subfield code="a">35 S.</marc:subfield>
            <marc:subfield code="b">überw. Ill.</marc:subfield>
            <marc:subfield code="c">30 cm</marc:subfield>
        </marc:datafield>
        <marc:datafield ind1=" " ind2=" " tag="336">
            <marc:subfield code="a">unbewegtes Bild</marc:subfield>
            <marc:subfield code="b">sti</marc:subfield>
            <marc:subfield code="2">rdacontent</marc:subfield>
        </marc:datafield>
        <marc:datafield ind1=" " ind2=" " tag="337">
            <marc:subfield code="a">ohne Hilfsmittel zu benutzen</marc:subfield>
            <marc:subfield code="b">n</marc:subfield>
            <marc:subfield code="2">rdamedia</marc:subfield>
        </marc:datafield>
        <marc:datafield ind1=" " ind2=" " tag="338">
            <marc:subfield code="a">Band</marc:subfield>
            <marc:subfield code="b">nc</marc:subfield>
            <marc:subfield code="2">rdacarrier</marc:subfield>
        </marc:datafield>
        <marc:datafield ind1=" " ind2=" " tag="500">
            <marc:subfield code="a">Literaturangaben</marc:subfield>
        </marc:datafield>
        <marc:datafield ind1="1" ind2="7" tag="600">
            <marc:subfield code="0">(DE-588)4099211-1</marc:subfield>
            <marc:subfield code="0">http://d-nb.info/gnd/4099211-1</marc:subfield>
            <marc:subfield code="0">(DE-101)04099211X</marc:subfield>
            <marc:subfield code="a">Grass, Günter</marc:subfield>
            <marc:subfield code="d">1927-2015</marc:subfield>
            <marc:subfield code="t">Die Blechtrommel</marc:subfield>
            <marc:subfield code="2">gnd</marc:subfield>
            <marc:subfield code="1p">http://viaf.org/viaf/102319859</marc:subfield>
            <marc:subfield code="1w">http://www.wikidata.org/entity/Q899334</marc:subfield>
        </marc:datafield>
        <marc:datafield ind1="1" ind2="7" tag="600">
            <marc:subfield code="0">(DE-588)118961284</marc:subfield>
            <marc:subfield code="0">http://d-nb.info/gnd/118961284</marc:subfield>
            <marc:subfield code="0">(DE-101)118961284</marc:subfield>
            <marc:subfield code="a">Giebe, Hubertus</marc:subfield>
            <marc:subfield code="d">1953-</marc:subfield>
            <marc:subfield code="2">gnd</marc:subfield>
            <marc:subfield code="1p">giebehubertus</marc:subfield>
        </marc:datafield>
        <marc:datafield ind1="1" ind2="7" tag="600">
            <marc:subfield code="0">(DE-588)118961284</marc:subfield>
            <marc:subfield code="0">http://d-nb.info/gnd/118961284</marc:subfield>
            <marc:subfield code="0">(DE-101)118961284</marc:subfield>
            <marc:subfield code="a">Giebe, Hubertus</marc:subfield>
            <marc:subfield code="d">1953-</marc:subfield>
            <marc:subfield code="2">gnd</marc:subfield>
            <marc:subfield code="1p">giebehubertus</marc:subfield>
        </marc:datafield>
        <marc:datafield ind1="2" ind2="7" tag="610">
            <marc:subfield code="0">(DE-588)5544603-6</marc:subfield>
            <marc:subfield code="0">http://d-nb.info/gnd/5544603-6</marc:subfield>
            <marc:subfield code="0">(DE-101)968241522</marc:subfield>
            <marc:subfield code="a">Günter-Grass-Haus</marc:subfield>
            <marc:subfield code="2">gnd</marc:subfield>
        </marc:datafield>
        <marc:datafield ind1="1" ind2=" " tag="700">
            <marc:subfield code="0">(DE-588)122173031</marc:subfield>
            <marc:subfield code="0">http://d-nb.info/gnd/122173031</marc:subfield>
            <marc:subfield code="0">(DE-101)122173031</marc:subfield>
            <marc:subfield code="a">Artinger, Kai</marc:subfield>
            <marc:subfield code="d">1963-</marc:subfield>
            <marc:subfield code="e">Herausgeber</marc:subfield>
            <marc:subfield code="4">edt</marc:subfield>
            <marc:subfield code="1p">artingerkai</marc:subfield>
        </marc:datafield>
        <marc:datafield ind1="1" ind2=" " tag="700">
            <marc:subfield code="0">(DE-588)118961284</marc:subfield>
            <marc:subfield code="0">http://d-nb.info/gnd/118961284</marc:subfield>
            <marc:subfield code="0">(DE-101)118961284</marc:subfield>
            <marc:subfield code="a">Giebe, Hubertus</marc:subfield>
            <marc:subfield code="d">1953-</marc:subfield>
            <marc:subfield code="e">Illustrator</marc:subfield>
            <marc:subfield code="4">ill</marc:subfield>
            <marc:subfield code="1p">giebehubertus</marc:subfield>
        </marc:datafield>
        <marc:datafield ind1="2" ind2=" " tag="710">
            <marc:subfield code="0">(DE-588)5544603-6</marc:subfield>
            <marc:subfield code="0">http://d-nb.info/gnd/5544603-6</marc:subfield>
            <marc:subfield code="0">(DE-101)968241522</marc:subfield>
            <marc:subfield code="a">Günter-Grass-Haus</marc:subfield>
            <marc:subfield code="e">Herausgebendes Organ</marc:subfield>
            <marc:subfield code="4">isb</marc:subfield>
        </marc:datafield>
        <marc:datafield ind1="2" ind2=" " tag="711">
            <marc:subfield code="0">(DE-588)6524377-8</marc:subfield>
            <marc:subfield code="0">http://d-nb.info/gnd/6524377-8</marc:subfield>
            <marc:subfield code="0">(DE-101)992722926</marc:subfield>
            <marc:subfield code="a">Ausstellung Hubertus Giebe - Grafiken zu dem Roman 'Die
                Blechtrommel' von Günter Grass</marc:subfield>
            <marc:subfield code="d">2005</marc:subfield>
            <marc:subfield code="c">Lübeck</marc:subfield>
            <marc:subfield code="j">Herausgebendes Organ</marc:subfield>
            <marc:subfield code="4">isb</marc:subfield>
        </marc:datafield>
        <marc:datafield ind1=" " ind2=" " tag="850">
            <marc:subfield code="a">DE-101a</marc:subfield>
            <marc:subfield code="a">DE-101b</marc:subfield>
        </marc:datafield>
    </marc:record>