
    <marc:record type="Bibliographic" source="1999-DNB-Germany-Gunter-Grass.xml">
        <marc:leader>00000pam a2200000 c 4500</marc:leader>
        <marc:controlfield tag="001">920822916</marc:controlfield>
        <marc:controlfield tag="003">DE-101</marc:controlfield>
        <marc:controlfield tag="005">20171202171519.0</marc:controlfield>
        <marc:controlfield tag="007">tu</marc:controlfield>
        <marc:controlfield tag="008">920604s1992    gw ||||| m||| 00||||ger  </marc:controlfield>
        <marc:datafield ind1=" " ind2=" " tag="015">
            <marc:subfield code="a">92,A40,1084</marc:subfield>
            <marc:subfield code="z">92,N26,0538</marc:subfield>
            <marc:subfield code="2">dnb</marc:subfield>
        </marc:datafield>
        <marc:datafield ind1="7" ind2=" " tag="016">
            <marc:subfield code="2">DE-101</marc:subfield>
            <marc:subfield code="a">920822916</marc:subfield>
        </marc:datafield>
        <marc:datafield ind1=" " ind2=" " tag="020">
            <marc:subfield code="a">9783770527540</marc:subfield>
            <marc:subfield code="c">kart. : DM 78.00</marc:subfield>
            <marc:subfield code="9">978-3-7705-2754-0</marc:subfield>
        </marc:datafield>
        <marc:datafield ind1=" " ind2=" " tag="020">
            <marc:subfield code="a">3770527542</marc:subfield>
            <marc:subfield code="c">kart. : DM 78.00</marc:subfield>
            <marc:subfield code="9">3-7705-2754-2</marc:subfield>
        </marc:datafield>
        <marc:datafield ind1=" " ind2=" " tag="035">
            <marc:subfield code="a">(DE-599)DNB920822916</marc:subfield>
        </marc:datafield>
        <marc:datafield ind1=" " ind2=" " tag="035">
            <marc:subfield code="a">(OCoLC)611343175</marc:subfield>
        </marc:datafield>
        <marc:datafield ind1=" " ind2=" " tag="040">
            <marc:subfield code="a">1200</marc:subfield>
            <marc:subfield code="b">ger</marc:subfield>
            <marc:subfield code="c">DE-101</marc:subfield>
            <marc:subfield code="d">9999</marc:subfield>
        </marc:datafield>
        <marc:datafield ind1=" " ind2=" " tag="041">
            <marc:subfield code="a">ger</marc:subfield>
        </marc:datafield>
        <marc:datafield ind1=" " ind2=" " tag="043">
            <marc:subfield code="c">XA-DE</marc:subfield>
            <marc:subfield code="c">XA-AT</marc:subfield>
            <marc:subfield code="c">XA-DE</marc:subfield>
        </marc:datafield>
        <marc:datafield ind1=" " ind2=" " tag="044">
            <marc:subfield code="c">XA-DE</marc:subfield>
        </marc:datafield>
        <marc:datafield ind1=" " ind2=" " tag="084">
            <marc:subfield code="a">53</marc:subfield>
            <marc:subfield code="a">430</marc:subfield>
            <marc:subfield code="a">830</marc:subfield>
            <marc:subfield code="q">DE-101</marc:subfield>
            <marc:subfield code="2">sdnb</marc:subfield>
        </marc:datafield>
        <marc:datafield ind1=" " ind2=" " tag="084">
            <marc:subfield code="a">12.2p</marc:subfield>
            <marc:subfield code="a">12.1a</marc:subfield>
            <marc:subfield code="a">12.4</marc:subfield>
            <marc:subfield code="a">12.2p</marc:subfield>
            <marc:subfield code="a">12.1a</marc:subfield>
            <marc:subfield code="a">12.4</marc:subfield>
            <marc:subfield code="a">12.2p</marc:subfield>
            <marc:subfield code="a">12.1a</marc:subfield>
            <marc:subfield code="a">12.4</marc:subfield>
            <marc:subfield code="q">DE-101</marc:subfield>
            <marc:subfield code="2">sswd</marc:subfield>
        </marc:datafield>
        <marc:datafield ind1="1" ind2=" " tag="100">
            <marc:subfield code="0">(DE-588)112890652</marc:subfield>
            <marc:subfield code="0">http://d-nb.info/gnd/112890652</marc:subfield>
            <marc:subfield code="0">(DE-101)112890652</marc:subfield>
            <marc:subfield code="a">Fischer, André</marc:subfield>
            <marc:subfield code="e">Verfasser</marc:subfield>
            <marc:subfield code="4">aut</marc:subfield>
            <marc:subfield code="1p">fischerandre</marc:subfield>
        </marc:datafield>
        <marc:datafield ind1="0" ind2="0" tag="245">
            <marc:subfield code="a">Inszenierte Naivität</marc:subfield>
            <marc:subfield code="b">zur ästhetischen Simulation von Geschichte bei Günter Grass,
                Albert Drach und Walter Kempowski</marc:subfield>
            <marc:subfield code="c">André Fischer</marc:subfield>
        </marc:datafield>
        <marc:datafield ind1=" " ind2="1" tag="264">
            <marc:subfield code="a">München</marc:subfield>
            <marc:subfield code="b">Fink</marc:subfield>
            <marc:subfield code="c">1992</marc:subfield>
        </marc:datafield>
        <marc:datafield ind1=" " ind2=" " tag="300">
            <marc:subfield code="a">332 S.</marc:subfield>
            <marc:subfield code="c">22 cm</marc:subfield>
        </marc:datafield>
        <marc:datafield ind1=" " ind2=" " tag="336">
            <marc:subfield code="a">Text</marc:subfield>
            <marc:subfield code="b">txt</marc:subfield>
            <marc:subfield code="2">rdacontent</marc:subfield>
        </marc:datafield>
        <marc:datafield ind1=" " ind2=" " tag="337">
            <marc:subfield code="a">ohne Hilfsmittel zu benutzen</marc:subfield>
            <marc:subfield code="b">n</marc:subfield>
            <marc:subfield code="2">rdamedia</marc:subfield>
        </marc:datafield>
        <marc:datafield ind1=" " ind2=" " tag="338">
            <marc:subfield code="a">Band</marc:subfield>
            <marc:subfield code="b">nc</marc:subfield>
            <marc:subfield code="2">rdacarrier</marc:subfield>
        </marc:datafield>
        <marc:datafield ind1="1" ind2=" " tag="490">
            <marc:subfield code="a">Theorie und Geschichte der Literatur und der schönen
                Künste</marc:subfield>
            <marc:subfield code="v">Bd. 85 : Reihe C, Ästhetik, Kunst und Literatur in der
                Geschichte der Neuzeit ; Bd. 9</marc:subfield>
        </marc:datafield>
        <marc:datafield ind1=" " ind2=" " tag="502">
            <marc:subfield code="a">Zugl.: Konstanz, Univ., Diss.</marc:subfield>
        </marc:datafield>
        <marc:datafield ind1="1" ind2="7" tag="600">
            <marc:subfield code="0">(DE-588)4099211-1</marc:subfield>
            <marc:subfield code="0">http://d-nb.info/gnd/4099211-1</marc:subfield>
            <marc:subfield code="0">(DE-101)04099211X</marc:subfield>
            <marc:subfield code="a">Grass, Günter</marc:subfield>
            <marc:subfield code="d">1927-2015</marc:subfield>
            <marc:subfield code="t">Die Blechtrommel</marc:subfield>
            <marc:subfield code="2">gnd</marc:subfield>
            <marc:subfield code="1p">http://viaf.org/viaf/102319859</marc:subfield>
            <marc:subfield code="1w">http://www.wikidata.org/entity/Q899334</marc:subfield>
        </marc:datafield>
        <marc:datafield ind1="1" ind2="7" tag="600">
            <marc:subfield code="0">(DE-588)4292830-8</marc:subfield>
            <marc:subfield code="0">http://d-nb.info/gnd/4292830-8</marc:subfield>
            <marc:subfield code="0">(DE-101)042928303</marc:subfield>
            <marc:subfield code="a">Drach, Albert</marc:subfield>
            <marc:subfield code="d">1902-1995</marc:subfield>
            <marc:subfield code="t">Unsentimentale Reise</marc:subfield>
            <marc:subfield code="2">gnd</marc:subfield>
            <marc:subfield code="1p">drachalbert</marc:subfield>
        </marc:datafield>
        <marc:datafield ind1="1" ind2="7" tag="600">
            <marc:subfield code="0">(DE-588)4292832-1</marc:subfield>
            <marc:subfield code="0">http://d-nb.info/gnd/4292832-1</marc:subfield>
            <marc:subfield code="0">(DE-101)04292832X</marc:subfield>
            <marc:subfield code="a">Kempowski, Walter</marc:subfield>
            <marc:subfield code="d">1929-2007</marc:subfield>
            <marc:subfield code="t">Tadellöser und Wolff</marc:subfield>
            <marc:subfield code="2">gnd</marc:subfield>
            <marc:subfield code="1p">kempowskiwalter</marc:subfield>
        </marc:datafield>
        <marc:datafield ind1=" " ind2="0" tag="830">
            <marc:subfield code="a">Theorie und Geschichte der Literatur und der schönen Künste /
                C</marc:subfield>
            <marc:subfield code="n">Reihe C, Ästhetik, Kunst und Literatur in der Geschichte der
                Neuzeit</marc:subfield>
            <marc:subfield code="t">Theorie und Geschichte der Literatur und der schönen
                Künste</marc:subfield>
            <marc:subfield code="v">Bd. 9</marc:subfield>
            <marc:subfield code="w">(DE-101)017083044</marc:subfield>
            <marc:subfield code="w">(DE-600)1180715-5</marc:subfield>
            <marc:subfield code="9">19</marc:subfield>
            <marc:subfield code="7">as</marc:subfield>
        </marc:datafield>
        <marc:datafield ind1=" " ind2=" " tag="850">
            <marc:subfield code="a">DE-101a</marc:subfield>
            <marc:subfield code="a">DE-101b</marc:subfield>
        </marc:datafield>
    </marc:record>