
    <marc:record type="Bibliographic" source="1999-DNB-Germany-Gunter-Grass.xml">
        <marc:leader>00000nam a2200000 c 4500</marc:leader>
        <marc:controlfield tag="001">365919004</marc:controlfield>
        <marc:controlfield tag="003">DE-101</marc:controlfield>
        <marc:controlfield tag="005">20171202125917.0</marc:controlfield>
        <marc:controlfield tag="007">tu</marc:controlfield>
        <marc:controlfield tag="008">040123s1972    gw ||||| |||| 00||||fre  </marc:controlfield>
        <marc:datafield ind1=" " ind2=" " tag="015">
            <marc:subfield code="a">00,L01</marc:subfield>
            <marc:subfield code="2">dnb</marc:subfield>
        </marc:datafield>
        <marc:datafield ind1="7" ind2=" " tag="016">
            <marc:subfield code="2">DE-101</marc:subfield>
            <marc:subfield code="a">365919004</marc:subfield>
        </marc:datafield>
        <marc:datafield ind1=" " ind2=" " tag="020">
            <marc:subfield code="c">ffr 3.-</marc:subfield>
        </marc:datafield>
        <marc:datafield ind1=" " ind2=" " tag="035">
            <marc:subfield code="a">(DE-599)DNB365919004</marc:subfield>
        </marc:datafield>
        <marc:datafield ind1=" " ind2=" " tag="035">
            <marc:subfield code="a">(OCoLC)719006879</marc:subfield>
        </marc:datafield>
        <marc:datafield ind1=" " ind2=" " tag="040">
            <marc:subfield code="a">1145</marc:subfield>
            <marc:subfield code="b">ger</marc:subfield>
            <marc:subfield code="c">DE-101</marc:subfield>
            <marc:subfield code="d">9999</marc:subfield>
        </marc:datafield>
        <marc:datafield ind1=" " ind2=" " tag="041">
            <marc:subfield code="a">ger</marc:subfield>
        </marc:datafield>
        <marc:datafield ind1=" " ind2=" " tag="043">
            <marc:subfield code="c">XA-PL</marc:subfield>
        </marc:datafield>
        <marc:datafield ind1=" " ind2=" " tag="044">
            <marc:subfield code="c">XA-DE</marc:subfield>
        </marc:datafield>
        <marc:datafield ind1="7" ind2="4" tag="082">
            <marc:subfield code="a">830</marc:subfield>
            <marc:subfield code="a">B</marc:subfield>
            <marc:subfield code="q">DE-101</marc:subfield>
            <marc:subfield code="2">22sdnb</marc:subfield>
        </marc:datafield>
        <marc:datafield ind1=" " ind2=" " tag="084">
            <marc:subfield code="a">6.2b</marc:subfield>
            <marc:subfield code="q">DE-101</marc:subfield>
            <marc:subfield code="2">sswd</marc:subfield>
        </marc:datafield>
        <marc:datafield ind1="1" ind2=" " tag="100">
            <marc:subfield code="0">(DE-588)118541579</marc:subfield>
            <marc:subfield code="0">http://d-nb.info/gnd/118541579</marc:subfield>
            <marc:subfield code="0">(DE-101)118541579</marc:subfield>
            <marc:subfield code="a">Grass, Günter</marc:subfield>
            <marc:subfield code="d">1927-2015</marc:subfield>
            <marc:subfield code="e">Verfasser</marc:subfield>
            <marc:subfield code="4">aut</marc:subfield>
            <marc:subfield code="1p">http://viaf.org/viaf/102319859</marc:subfield>
        </marc:datafield>
        <marc:datafield tag="240" ind1="1" ind2="0">
            <marc:subfield code="a">Katz und Maus</marc:subfield>
            <marc:subfield code="1w">http://www.wikidata.org/entity/Q1736859</marc:subfield>
            <marc:subfield code="2">generated from 245</marc:subfield>
        <marc:subfield code="l">fre</marc:subfield></marc:datafield>
        <marc:datafield ind1="0" ind2="0" tag="245">
            <marc:subfield code="a">Le Chat et la souris</marc:subfield>
            <marc:subfield code="b">Roman ; [Texte intégral]</marc:subfield>
            <marc:subfield code="c">Günter Grass. Trad. de l'allemand par Jean
                Amsler</marc:subfield>
        </marc:datafield>
        <marc:datafield ind1=" " ind2="1" tag="264">
            <marc:subfield code="a">Paris</marc:subfield>
            <marc:subfield code="b">Le Livre de poche</marc:subfield>
            <marc:subfield code="c">1972</marc:subfield>
        </marc:datafield>
        <marc:datafield ind1=" " ind2=" " tag="300">
            <marc:subfield code="a">188 S.</marc:subfield>
            <marc:subfield code="c">kl. 8</marc:subfield>
        </marc:datafield>
        <marc:datafield ind1=" " ind2=" " tag="336">
            <marc:subfield code="a">Text</marc:subfield>
            <marc:subfield code="b">txt</marc:subfield>
            <marc:subfield code="2">rdacontent</marc:subfield>
        </marc:datafield>
        <marc:datafield ind1=" " ind2=" " tag="337">
            <marc:subfield code="a">ohne Hilfsmittel zu benutzen</marc:subfield>
            <marc:subfield code="b">n</marc:subfield>
            <marc:subfield code="2">rdamedia</marc:subfield>
        </marc:datafield>
        <marc:datafield ind1=" " ind2=" " tag="338">
            <marc:subfield code="a">Band</marc:subfield>
            <marc:subfield code="b">nc</marc:subfield>
            <marc:subfield code="2">rdacarrier</marc:subfield>
        </marc:datafield>
        <marc:datafield ind1="1" ind2=" " tag="490">
            <marc:subfield code="a">Le livre de poche</marc:subfield>
            <marc:subfield code="v">3342</marc:subfield>
        </marc:datafield>
        <marc:datafield ind1="1" ind2=" " tag="700">
            <marc:subfield code="0">(DE-588)113217072</marc:subfield>
            <marc:subfield code="0">http://d-nb.info/gnd/113217072</marc:subfield>
            <marc:subfield code="0">(DE-101)113217072</marc:subfield>
            <marc:subfield code="a">Amsler, Jean</marc:subfield>
            <marc:subfield code="e">Mitwirkender</marc:subfield>
            <marc:subfield code="4">trl</marc:subfield>
            <marc:subfield code="1p">amslerjean</marc:subfield>
        </marc:datafield>
        <marc:datafield ind1=" " ind2="0" tag="830">
            <marc:subfield code="a">Le livre de poche</marc:subfield>
            <marc:subfield code="v">3342</marc:subfield>
            <marc:subfield code="w">(DE-101)016820908</marc:subfield>
            <marc:subfield code="w">(DE-600)1153677-9</marc:subfield>
            <marc:subfield code="9">43342</marc:subfield>
            <marc:subfield code="7">as</marc:subfield>
        </marc:datafield>
        <marc:datafield ind1=" " ind2=" " tag="850">
            <marc:subfield code="a">DE-101a</marc:subfield>
        </marc:datafield>
    </marc:record>