
    <marc:record type="Bibliographic" source="1999-DNB-Germany-Gunter-Grass.xml">
        <marc:leader>00000pam a2200000 c 4500</marc:leader>
        <marc:controlfield tag="001">949263400</marc:controlfield>
        <marc:controlfield tag="003">DE-101</marc:controlfield>
        <marc:controlfield tag="005">20171203005653.0</marc:controlfield>
        <marc:controlfield tag="007">tu</marc:controlfield>
        <marc:controlfield tag="008">961205s1997    gw ||||| m||| 00||||ger  </marc:controlfield>
        <marc:datafield ind1=" " ind2=" " tag="015">
            <marc:subfield code="a">97,A42,1261</marc:subfield>
            <marc:subfield code="z">97,N05,0597</marc:subfield>
            <marc:subfield code="2">dnb</marc:subfield>
        </marc:datafield>
        <marc:datafield ind1="7" ind2=" " tag="016">
            <marc:subfield code="2">DE-101</marc:subfield>
            <marc:subfield code="a">949263400</marc:subfield>
        </marc:datafield>
        <marc:datafield ind1=" " ind2=" " tag="020">
            <marc:subfield code="a">9783826012921</marc:subfield>
            <marc:subfield code="c">kart. : DM 48.00, sfr 44.60, S 350.00</marc:subfield>
            <marc:subfield code="9">978-3-8260-1292-1</marc:subfield>
        </marc:datafield>
        <marc:datafield ind1=" " ind2=" " tag="020">
            <marc:subfield code="a">3826012925</marc:subfield>
            <marc:subfield code="c">kart. : DM 48.00, sfr 44.60, S 350.00</marc:subfield>
            <marc:subfield code="9">3-8260-1292-5</marc:subfield>
        </marc:datafield>
        <marc:datafield ind1=" " ind2=" " tag="035">
            <marc:subfield code="a">(DE-599)DNB949263400</marc:subfield>
        </marc:datafield>
        <marc:datafield ind1=" " ind2=" " tag="035">
            <marc:subfield code="a">(OCoLC)722524103</marc:subfield>
        </marc:datafield>
        <marc:datafield ind1=" " ind2=" " tag="040">
            <marc:subfield code="a">1240</marc:subfield>
            <marc:subfield code="b">ger</marc:subfield>
            <marc:subfield code="c">DE-101</marc:subfield>
            <marc:subfield code="d">9999</marc:subfield>
        </marc:datafield>
        <marc:datafield ind1=" " ind2=" " tag="041">
            <marc:subfield code="a">ger</marc:subfield>
        </marc:datafield>
        <marc:datafield ind1=" " ind2=" " tag="043">
            <marc:subfield code="c">XA-DE</marc:subfield>
            <marc:subfield code="c">XA-DE</marc:subfield>
            <marc:subfield code="c">XA-DE</marc:subfield>
        </marc:datafield>
        <marc:datafield ind1=" " ind2=" " tag="044">
            <marc:subfield code="c">XA-DE</marc:subfield>
        </marc:datafield>
        <marc:datafield ind1=" " ind2=" " tag="084">
            <marc:subfield code="a">53</marc:subfield>
            <marc:subfield code="a">430</marc:subfield>
            <marc:subfield code="a">830</marc:subfield>
            <marc:subfield code="q">DE-101</marc:subfield>
            <marc:subfield code="2">sdnb</marc:subfield>
        </marc:datafield>
        <marc:datafield ind1=" " ind2=" " tag="084">
            <marc:subfield code="a">12.2p</marc:subfield>
            <marc:subfield code="a">4.5</marc:subfield>
            <marc:subfield code="a">12.4</marc:subfield>
            <marc:subfield code="a">12.2p</marc:subfield>
            <marc:subfield code="a">4.5</marc:subfield>
            <marc:subfield code="a">12.4</marc:subfield>
            <marc:subfield code="a">12.2p</marc:subfield>
            <marc:subfield code="a">4.5</marc:subfield>
            <marc:subfield code="a">12.4</marc:subfield>
            <marc:subfield code="q">DE-101</marc:subfield>
            <marc:subfield code="2">sswd</marc:subfield>
        </marc:datafield>
        <marc:datafield ind1="1" ind2=" " tag="100">
            <marc:subfield code="0">(DE-588)172911559</marc:subfield>
            <marc:subfield code="0">http://d-nb.info/gnd/172911559</marc:subfield>
            <marc:subfield code="0">(DE-101)172911559</marc:subfield>
            <marc:subfield code="a">Brunssen, Frank</marc:subfield>
            <marc:subfield code="d">1957-</marc:subfield>
            <marc:subfield code="e">Verfasser</marc:subfield>
            <marc:subfield code="4">aut</marc:subfield>
            <marc:subfield code="1p">brunssenfrank</marc:subfield>
        </marc:datafield>
        <marc:datafield ind1="0" ind2="0" tag="245">
            <marc:subfield code="a">Das Absurde in Günter Grass' Literatur der achtziger
                Jahre</marc:subfield>
            <marc:subfield code="c">Frank Brunssen</marc:subfield>
        </marc:datafield>
        <marc:datafield ind1=" " ind2="1" tag="264">
            <marc:subfield code="a">Würzburg</marc:subfield>
            <marc:subfield code="b">Königshausen und Neumann</marc:subfield>
            <marc:subfield code="c">1997</marc:subfield>
        </marc:datafield>
        <marc:datafield ind1=" " ind2=" " tag="300">
            <marc:subfield code="a">218 S.</marc:subfield>
            <marc:subfield code="c">24 cm</marc:subfield>
        </marc:datafield>
        <marc:datafield ind1=" " ind2=" " tag="336">
            <marc:subfield code="a">Text</marc:subfield>
            <marc:subfield code="b">txt</marc:subfield>
            <marc:subfield code="2">rdacontent</marc:subfield>
        </marc:datafield>
        <marc:datafield ind1=" " ind2=" " tag="337">
            <marc:subfield code="a">ohne Hilfsmittel zu benutzen</marc:subfield>
            <marc:subfield code="b">n</marc:subfield>
            <marc:subfield code="2">rdamedia</marc:subfield>
        </marc:datafield>
        <marc:datafield ind1=" " ind2=" " tag="338">
            <marc:subfield code="a">Band</marc:subfield>
            <marc:subfield code="b">nc</marc:subfield>
            <marc:subfield code="2">rdacarrier</marc:subfield>
        </marc:datafield>
        <marc:datafield ind1="1" ind2=" " tag="490">
            <marc:subfield code="a">Epistemata : [...], Reihe Literaturwissenschaft</marc:subfield>
            <marc:subfield code="v">Bd. 197</marc:subfield>
        </marc:datafield>
        <marc:datafield ind1=" " ind2=" " tag="502">
            <marc:subfield code="a">Zugl.: Berlin, Freie Univ., Diss., 1995</marc:subfield>
        </marc:datafield>
        <marc:datafield ind1="1" ind2="7" tag="600">
            <marc:subfield code="0">(DE-588)4448256-5</marc:subfield>
            <marc:subfield code="0">http://d-nb.info/gnd/4448256-5</marc:subfield>
            <marc:subfield code="0">(DE-101)950092045</marc:subfield>
            <marc:subfield code="a">Grass, Günter</marc:subfield>
            <marc:subfield code="d">1927-2015</marc:subfield>
            <marc:subfield code="t">Kopfgeburten oder die Deutschen sterben aus</marc:subfield>
            <marc:subfield code="2">gnd</marc:subfield>
            <marc:subfield code="1p">http://viaf.org/viaf/102319859</marc:subfield>
            <marc:subfield code="1w">http://oslomet.workid.no/gg/10</marc:subfield>
        </marc:datafield>
        <marc:datafield ind1="1" ind2="7" tag="600">
            <marc:subfield code="0">(DE-588)4241325-4</marc:subfield>
            <marc:subfield code="0">http://d-nb.info/gnd/4241325-4</marc:subfield>
            <marc:subfield code="0">(DE-101)042413257</marc:subfield>
            <marc:subfield code="a">Grass, Günter</marc:subfield>
            <marc:subfield code="d">1927-2015</marc:subfield>
            <marc:subfield code="t">Die Rättin</marc:subfield>
            <marc:subfield code="2">gnd</marc:subfield>
            <marc:subfield code="1p">http://viaf.org/viaf/102319859</marc:subfield>
            <marc:subfield code="1w">http://www.wikidata.org/entity/Q765047</marc:subfield>
        </marc:datafield>
        <marc:datafield ind1="1" ind2="7" tag="600">
            <marc:subfield code="0">(DE-588)4470164-0</marc:subfield>
            <marc:subfield code="0">http://d-nb.info/gnd/4470164-0</marc:subfield>
            <marc:subfield code="0">(DE-101)951506250</marc:subfield>
            <marc:subfield code="a">Grass, Günter</marc:subfield>
            <marc:subfield code="d">1927-2015</marc:subfield>
            <marc:subfield code="t">Zunge zeigen</marc:subfield>
            <marc:subfield code="2">gnd</marc:subfield>
            <marc:subfield code="1p">http://viaf.org/viaf/102319859</marc:subfield>
            <marc:subfield code="1w">http://oslomet.workid.no/gg/12</marc:subfield>
        </marc:datafield>
        <marc:datafield ind1=" " ind2="0" tag="830">
            <marc:subfield code="a">Epistemata / Reihe Literaturwissenschaft</marc:subfield>
            <marc:subfield code="n">[...]</marc:subfield>
            <marc:subfield code="p">Reihe Literaturwissenschaft</marc:subfield>
            <marc:subfield code="t">Epistemata</marc:subfield>
            <marc:subfield code="v">Bd. 197</marc:subfield>
            <marc:subfield code="w">(DE-101)013205420</marc:subfield>
            <marc:subfield code="w">(DE-600)569976-9</marc:subfield>
            <marc:subfield code="9">3197</marc:subfield>
            <marc:subfield code="7">as</marc:subfield>
        </marc:datafield>
        <marc:datafield ind1=" " ind2=" " tag="850">
            <marc:subfield code="a">DE-101a</marc:subfield>
            <marc:subfield code="a">DE-101b</marc:subfield>
        </marc:datafield>
    </marc:record>