
    <marc:record type="Bibliographic" source="1999-DNB-Germany-Gunter-Grass.xml">
        <marc:leader>00000pam a2200000 c 4500</marc:leader>
        <marc:controlfield tag="001">985537582</marc:controlfield>
        <marc:controlfield tag="003">DE-101</marc:controlfield>
        <marc:controlfield tag="005">20171202043339.0</marc:controlfield>
        <marc:controlfield tag="007">tu</marc:controlfield>
        <marc:controlfield tag="008">070831s2007    gw ||||| |||| 00||||ger  </marc:controlfield>
        <marc:datafield ind1=" " ind2=" " tag="015">
            <marc:subfield code="a">08,A12,2426</marc:subfield>
            <marc:subfield code="z">07,N39,1320</marc:subfield>
            <marc:subfield code="2">dnb</marc:subfield>
        </marc:datafield>
        <marc:datafield ind1="7" ind2=" " tag="016">
            <marc:subfield code="2">DE-101</marc:subfield>
            <marc:subfield code="a">985537582</marc:subfield>
        </marc:datafield>
        <marc:datafield ind1=" " ind2=" " tag="020">
            <marc:subfield code="a">9783580653385</marc:subfield>
            <marc:subfield code="c">kart. : EUR 5.50 (DE), EUR 5.70 (AT), sfr 10.40</marc:subfield>
            <marc:subfield code="9">978-3-580-65338-5</marc:subfield>
        </marc:datafield>
        <marc:datafield ind1=" " ind2=" " tag="020">
            <marc:subfield code="a">3580653385</marc:subfield>
            <marc:subfield code="c">kart. : EUR 5.50 (DE), EUR 5.70 (AT), sfr 10.40</marc:subfield>
            <marc:subfield code="9">3-580-65338-5</marc:subfield>
        </marc:datafield>
        <marc:datafield ind1="3" ind2=" " tag="024">
            <marc:subfield code="a">9783580653385</marc:subfield>
        </marc:datafield>
        <marc:datafield ind1=" " ind2=" " tag="035">
            <marc:subfield code="a">(DE-599)DNB985537582</marc:subfield>
        </marc:datafield>
        <marc:datafield ind1=" " ind2=" " tag="035">
            <marc:subfield code="a">(OCoLC)213397874</marc:subfield>
        </marc:datafield>
        <marc:datafield ind1=" " ind2=" " tag="040">
            <marc:subfield code="a">1245</marc:subfield>
            <marc:subfield code="b">ger</marc:subfield>
            <marc:subfield code="c">DE-101</marc:subfield>
            <marc:subfield code="d">9999</marc:subfield>
        </marc:datafield>
        <marc:datafield ind1=" " ind2=" " tag="041">
            <marc:subfield code="a">ger</marc:subfield>
        </marc:datafield>
        <marc:datafield ind1=" " ind2=" " tag="044">
            <marc:subfield code="c">XA-DE-BY</marc:subfield>
        </marc:datafield>
        <marc:datafield ind1="7" ind2="4" tag="082">
            <marc:subfield code="a">S</marc:subfield>
            <marc:subfield code="q">DE-101</marc:subfield>
            <marc:subfield code="2">22sdnb</marc:subfield>
        </marc:datafield>
        <marc:datafield ind1=" " ind2=" " tag="090">
            <marc:subfield code="a">b</marc:subfield>
        </marc:datafield>
        <marc:datafield ind1="1" ind2=" " tag="100">
            <marc:subfield code="0">(DE-588)122261739</marc:subfield>
            <marc:subfield code="0">http://d-nb.info/gnd/122261739</marc:subfield>
            <marc:subfield code="0">(DE-101)122261739</marc:subfield>
            <marc:subfield code="a">Neubauer, Martin</marc:subfield>
            <marc:subfield code="d">1958-</marc:subfield>
            <marc:subfield code="e">Verfasser</marc:subfield>
            <marc:subfield code="4">aut</marc:subfield>
            <marc:subfield code="1p">neubauermartin</marc:subfield>
        </marc:datafield>
        <marc:datafield ind1="0" ind2="0" tag="245">
            <marc:subfield code="a">Katz und Maus, Günter Grass</marc:subfield>
            <marc:subfield code="b">Inhalt - Hintergrund - Interpretation ; mit
                Info-Klappe!</marc:subfield>
            <marc:subfield code="c">Martin Neubauer</marc:subfield>
        </marc:datafield>
        <marc:datafield ind1=" " ind2="1" tag="264">
            <marc:subfield code="a">München</marc:subfield>
            <marc:subfield code="b">Mentor</marc:subfield>
            <marc:subfield code="c">2007</marc:subfield>
        </marc:datafield>
        <marc:datafield ind1=" " ind2=" " tag="300">
            <marc:subfield code="a">64 S.</marc:subfield>
            <marc:subfield code="b">Ill.</marc:subfield>
            <marc:subfield code="c">18 cm</marc:subfield>
        </marc:datafield>
        <marc:datafield ind1=" " ind2=" " tag="336">
            <marc:subfield code="a">Text</marc:subfield>
            <marc:subfield code="b">txt</marc:subfield>
            <marc:subfield code="2">rdacontent</marc:subfield>
        </marc:datafield>
        <marc:datafield ind1=" " ind2=" " tag="337">
            <marc:subfield code="a">ohne Hilfsmittel zu benutzen</marc:subfield>
            <marc:subfield code="b">n</marc:subfield>
            <marc:subfield code="2">rdamedia</marc:subfield>
        </marc:datafield>
        <marc:datafield ind1=" " ind2=" " tag="338">
            <marc:subfield code="a">Band</marc:subfield>
            <marc:subfield code="b">nc</marc:subfield>
            <marc:subfield code="2">rdacarrier</marc:subfield>
        </marc:datafield>
        <marc:datafield ind1=" " ind2=" " tag="385">
            <marc:subfield code="0">(DE-588)4053369-4</marc:subfield>
            <marc:subfield code="0">http://d-nb.info/gnd/4053369-4</marc:subfield>
            <marc:subfield code="0">(DE-101)040533697</marc:subfield>
            <marc:subfield code="a">Schüler</marc:subfield>
            <marc:subfield code="2">gnd</marc:subfield>
        </marc:datafield>
        <marc:datafield ind1="1" ind2=" " tag="490">
            <marc:subfield code="a">Mentor-Lektüre-Durchblick</marc:subfield>
            <marc:subfield code="v">Bd. 338 : Deutsch</marc:subfield>
        </marc:datafield>
        <marc:datafield ind1="1" ind2="7" tag="600">
            <marc:subfield code="0">(DE-588)4125348-6</marc:subfield>
            <marc:subfield code="0">http://d-nb.info/gnd/4125348-6</marc:subfield>
            <marc:subfield code="0">(DE-101)041253485</marc:subfield>
            <marc:subfield code="a">Grass, Günter</marc:subfield>
            <marc:subfield code="d">1927-2015</marc:subfield>
            <marc:subfield code="t">Katz und Maus</marc:subfield>
            <marc:subfield code="2">gnd</marc:subfield>
            <marc:subfield code="1p">http://viaf.org/viaf/102319859</marc:subfield>
            <marc:subfield code="1w">http://www.wikidata.org/entity/Q1736859</marc:subfield>
        </marc:datafield>
        <marc:datafield ind1=" " ind2=" " tag="653">
            <marc:subfield code="a">(VLB-PF)00: (unbekannt)</marc:subfield>
        </marc:datafield>
        <marc:datafield ind1=" " ind2=" " tag="653">
            <marc:subfield code="a">(VLB-WN)1851: HC/Schule, Lernen/Lektüren, Interpretationen,
                Lektürehilfen/Deutsch</marc:subfield>
        </marc:datafield>
        <marc:datafield ind1=" " ind2="0" tag="830">
            <marc:subfield code="a">Mentor-Lektüre-Durchblick</marc:subfield>
            <marc:subfield code="v">Bd. 338 : Deutsch</marc:subfield>
            <marc:subfield code="w">(DE-101)979770769</marc:subfield>
            <marc:subfield code="w">(DE-600)2235517-0</marc:subfield>
            <marc:subfield code="9">3338</marc:subfield>
            <marc:subfield code="7">as</marc:subfield>
        </marc:datafield>
        <marc:datafield ind1=" " ind2=" " tag="850">
            <marc:subfield code="a">DE-101a</marc:subfield>
            <marc:subfield code="a">DE-101b</marc:subfield>
        </marc:datafield>
        <marc:datafield ind1="4" ind2="2" tag="856">
            <marc:subfield code="m">B:DE-101</marc:subfield>
            <marc:subfield code="q">application/pdf</marc:subfield>
            <marc:subfield code="u">http://d-nb.info/985537582/04</marc:subfield>
            <marc:subfield code="3">Inhaltsverzeichnis</marc:subfield>
        </marc:datafield>
        <marc:datafield ind1="4" ind2="2" tag="856">
            <marc:subfield code="m">X:MVB</marc:subfield>
            <marc:subfield code="q">text/html</marc:subfield>
            <marc:subfield code="u">http://deposit.dnb.de/cgi-bin/dokserv?id=3000547&amp;prov=M&amp;dok_var=1&amp;dok_ext=htm</marc:subfield>
            <marc:subfield code="3">Inhaltstext</marc:subfield>
        </marc:datafield>
    </marc:record>