
    <marc:record xmlns:xsi="http://www.w3.org/2001/XMLSchema-instance" xsi:schemaLocation="http://www.loc.gov/MARC21/slim http://www.loc.gov/standards/marcxml/schema/MARC21slim.xsd" source="1999-NOR-Germany-Gunther-Grass.xml">
        <marc:leader>01299cam a2200397 c 4500</marc:leader>
        <marc:controlfield tag="005">20160622164754.0</marc:controlfield>
        <marc:controlfield tag="007">ta</marc:controlfield>
        <marc:controlfield tag="007">cr||||||||||||</marc:controlfield>
        <marc:controlfield tag="008">150413s1998    no#||||| |||||000|1|nob| </marc:controlfield>
        <marc:controlfield tag="001">999900438004702201</marc:controlfield>
        <marc:datafield ind1=" " ind2=" " tag="015">
            <marc:subfield code="a">9906498</marc:subfield>
            <marc:subfield code="2">nbf</marc:subfield>
        </marc:datafield>
        <marc:datafield ind1=" " ind2=" " tag="020">
            <marc:subfield code="a">8252538258</marc:subfield>
            <marc:subfield code="q">ib.</marc:subfield>
        </marc:datafield>
        <marc:datafield ind1=" " ind2=" " tag="035">
            <marc:subfield code="a">990043800-47bibsys_network</marc:subfield>
        </marc:datafield>
        <marc:datafield ind1=" " ind2=" " tag="035">
            <marc:subfield code="a">(NO-TrBIB)990043800</marc:subfield>
        </marc:datafield>
        <marc:datafield ind1=" " ind2=" " tag="035">
            <marc:subfield code="a">(NO-TrBIB)093201060</marc:subfield>
        </marc:datafield>
        <marc:datafield ind1=" " ind2=" " tag="040">
            <marc:subfield code="a">NO-OsNB</marc:subfield>
            <marc:subfield code="b">nob</marc:subfield>
            <marc:subfield code="e">katreg</marc:subfield>
        </marc:datafield>
        <marc:datafield ind1="1" ind2=" " tag="041">
            <marc:subfield code="h">ger</marc:subfield>
        </marc:datafield>
        <marc:datafield ind1=" " ind2=" " tag="042">
            <marc:subfield code="a">norbibl</marc:subfield>
        </marc:datafield>
        <marc:datafield ind1=" " ind2=" " tag="044">
            <marc:subfield code="c">no</marc:subfield>
        </marc:datafield>
        <marc:datafield ind1=" " ind2=" " tag="080">
            <marc:subfield code="a">830</marc:subfield>
        </marc:datafield>
        <marc:datafield ind1="7" ind2="4" tag="082">
            <marc:subfield code="a">833</marc:subfield>
            <marc:subfield code="q">NO-OsNB</marc:subfield>
            <marc:subfield code="2">4/nor</marc:subfield>
        </marc:datafield>
        <marc:datafield ind1=" " ind2=" " tag="084">
            <marc:subfield code="a">S 37b</marc:subfield>
            <marc:subfield code="2">oosk</marc:subfield>
        </marc:datafield>
        <marc:datafield ind1="1" ind2=" " tag="100">
            <marc:subfield code="a">Grass, Günter</marc:subfield>
            <marc:subfield code="d">1927-2015</marc:subfield>
            <marc:subfield code="0">(NO-TrBIB)90061209</marc:subfield>
            <marc:subfield code="1p">http://viaf.org/viaf/102319859</marc:subfield>
        </marc:datafield>
        <marc:datafield tag="240" ind1="1" ind2="0">
            <marc:subfield code="a">Die Blechtrommel</marc:subfield>
            <marc:subfield code="1w">http://www.wikidata.org/entity/Q899334</marc:subfield>
            <marc:subfield code="l">nob</marc:subfield>
        </marc:datafield>
        <marc:datafield ind1="1" ind2="0" tag="245">
            <marc:subfield code="a">Blikktrommen</marc:subfield>
            <marc:subfield code="c">Günter Grass ; oversatt av Trygve Greiff</marc:subfield>
        </marc:datafield>
        <marc:datafield ind1="1" ind2=" " tag="246">
            <marc:subfield code="a">Die Blechtrommel</marc:subfield>
            <marc:subfield code="i">Originaltittel</marc:subfield>
        </marc:datafield>
        <marc:datafield ind1=" " ind2=" " tag="260">
            <marc:subfield code="a">[Oslo]</marc:subfield>
            <marc:subfield code="b">Den norske bokklubben</marc:subfield>
            <marc:subfield code="c">1998</marc:subfield>
        </marc:datafield>
        <marc:datafield ind1=" " ind2=" " tag="300">
            <marc:subfield code="a">593 s.</marc:subfield>
        </marc:datafield>
        <marc:datafield ind1="1" ind2=" " tag="490">
            <marc:subfield code="a">Århundrets bibliotek</marc:subfield>
        </marc:datafield>
        <marc:datafield ind1=" " ind2=" " tag="500">
            <marc:subfield code="a">1. norske utg. Oslo : Gyldendal, 1960</marc:subfield>
        </marc:datafield>
        <marc:datafield ind1="0" ind2=" " tag="506">
            <marc:subfield code="f">Åpen tilgang</marc:subfield>
        </marc:datafield>
        <marc:datafield ind1=" " ind2=" " tag="533">
            <marc:subfield code="a">Elektronisk reproduksjon</marc:subfield>
            <marc:subfield code="b">[Norge]</marc:subfield>
            <marc:subfield code="c">Nasjonalbiblioteket Digital</marc:subfield>
            <marc:subfield code="d">2009-09-07</marc:subfield>
        </marc:datafield>
        <marc:datafield ind1="1" ind2=" " tag="700">
            <marc:subfield code="a">Greiff, Trygve</marc:subfield>
            <marc:subfield code="4">trl</marc:subfield>
            <marc:subfield code="1p">greifftrygve</marc:subfield>
        </marc:datafield>
        <marc:datafield ind1=" " ind2="0" tag="830">
            <marc:subfield code="a">Århundrets bibliotek</marc:subfield>
        </marc:datafield>
        <marc:datafield ind1="4" ind2="0" tag="856">
            <marc:subfield code="3">Fulltekst</marc:subfield>
            <marc:subfield code="u">http://urn.nb.no/URN:NBN:no-nb_digibok_2008081504052</marc:subfield>
            <marc:subfield code="y">NB digitalisert</marc:subfield>
            <marc:subfield code="z">Elektronisk reproduksjon. Gratis. For norske
                IP-adresser</marc:subfield>
        </marc:datafield>
    </marc:record>